3371 5259
1562 512 1989 599 -240-

644 682 972 751 brioribus
1014 682 1424 767 patriarchas
1459 681 1561 749 vel
1601 681 1915 767 primates
1962 683 2101 769 (qui
2143 703 2340 750 unam
2361 682 2637 750 formam
2657 688 2906 768 tenent,

644 796 798 863 licet
842 795 1099 862 diversa
1143 797 1276 863 sint
1317 797 1606 880 nomina)
1652 795 1829 880 leges
1862 794 2115 862 divinae
2139 800 2207 862 et
2230 796 2710 864 ecclesiasticae
2749 798 2907 883 poni
3021 848 3028 849 f

647 914 716 976 et
756 930 900 976 esse
943 910 1294 989 iusserunt,
1334 907 1419 974 ad
1463 928 1626 992 quos
1672 909 1979 993 episcopi,
2028 909 2083 974 si
2116 929 2386 975 necesse
2419 909 2635 991 suerit,
2682 909 2905 977 coufu-

646 1027 916 1108 gerent“
959 1027 1083 1088 etc.
1172 1019 1384 1087 Locus
1450 1020 1639 1087 valde
1699 1020 2009 1087 notabilis
2062 1020 2297 1088 mirum
2338 1022 2408 1087 in
2449 1022 2713 1089 modum
2756 1043 2903 1107 per·

644 1136 951 1202 turbatus
998 1140 1129 1216 est,
1198 1156 1343 1200 oum
1407 1132 1697 1199 editores
1740 1134 1942 1200 verba
2006 1154 2139 1201 non
2180 1135 2517 1201 intellecta
2558 1156 2905 1220 perperam

646 1248 1140 1332 distinguerent.
1221 1246 1368 1313 Una
1409 1246 1635 1312 littera
1674 1250 1933 1312 mutata
1977 1247 2193 1313 omnia
2237 1247 2479 1331 optime
2513 1268 2596 1314 -se
2640 1248 2903 1314 habent.

644 1342 772 1426 Pro
818 1355 1033 1444 „leges
1079 1359 1373 1426 divinae“
1418 1357 1833 1425 scribendum
1877 1363 1979 1425 est
2021 1363 2178 1442 leqz‘s
2221 1362 2496 1427 divinae.
2583 1360 2904 1430 Primates

643 1472 1106 1558 legis‘divin'ae
1147 1471 1501 1555 Gregorius
1548 1473 1822 1556 opponit
1863 1471 2250 1557 primatibus
2315 1474 2476 1558 legis
2522 1450 2791 1555 saeculi,
2838 1478 2906 1541 et

643 1587 822 1671 ipsos
859 1586 1195 1670 apostolos
1241 1607 1388 1651 cum
1411 1583 1739 1651 Clemente
1783 1585 1985 1651 fuisse
2031 1584 2385 1667 contendit,
2430 1587 2542 1671 qui
2564 1587 2716 1654 olim
2756 1588 2903 1654 illos

642 1700 954 1783 primates
998 1698 1159 1783 legis
1204 1697 1457 1763 divinae
1501 1697 1758 1763 institui
1778 1696 2115 1764 iuberent.

813 1836 887 1903 L.
922 1836 1061 1902 VII.
1106 1858 1203 1920 ep.
1251 1840 1288 1902 2
1339 1836 1450 1922 (M.
1497 1841 1621 1902 289
1661 1836 1792 1922 D.).
1881 1835 2052 1918 „Eos
2099 1836 2183 1902 ab
2229 1835 2565 1903 ordinibus
2611 1842 2680 1904 et
2712 1859 2902 1923 prae·

644 1949 874 2016 bendis
941 1950 1254 2016 ecclesiae
1319 1951 1530 2016 sancti
1571 1949 1839 2015 Martini
1895 1950 1962 2016 in
2024 1953 2412 2034 perpetuum
2454 1950 2903 2035 submovemus

644 2069 713 2130 et
752 2064 1174 2144 decernimuS,
1218 2064 1315 2128 ita
1335 2066 1411 2127 ut
1431 2062 1677 2129 nullum
1701 2063 2005 2147 deinceps
2048 2064 2220 2129 inter
2243 2064 2589 2130 canonicos
2615 2064 2904 2131 eiusdem

643 2176 954 2243 ecclesiae
996 2175 1212 2241 locum
1253 2178 1584 2265 teneant.}‘
1639 2174 1768 2243 Pro
1814 2176 2299 2258 „decernimus“
2339 2180 2724 2242 secernimus
2747 2178 2902 2245 scri·

640 2288 927 2356 bendum
973 2291 1093 2354 est.

812 2426 884 2492 L.
921 2426 1060 2492 VII.
1108 2447 1206 2510 ep.
1257 2430 1293 2491 6
1342 2426 1453 2513 (M.
1501 2431 1624 2493 292
1670 2426 1798 2511 Ε.).
1900 2427 2039 2508 „Ex
2081 2448 2262 2494 more
2309 2431 2688 2494 sanctorum
2726 2430 2901 2496 misi-

642 2560 786 2606 mus
829 2540 1012 2606 vobis
1058 2539 1435 2605 claviculam
1478 2545 1804 2606 auream.“
1893 2538 2245 2624 Gregorius
2287 2540 2569 2607 sortasse
2610 2542 2900 2628 scripsit:

643 2674 764 2735 „ex
806 2675 988 2720 more
1026 2657 1401 2720 sanctorum
1438 2655 1999 2735 praedeeessorum
2043 2660 2451 2718 nostrorum“
2497 2658 2619 2721 etc.

811 2791 888 2858 L.
933 2792 1068 2858 VH.
1117 2813 1217 2876 ep.
1271 2797 1350 2859 10
1398 2792 1509 2878 (Μ.
1535 2796 1658 2858 295
1685 2791 1806 2878 0.).
1895 2792 2034 2875 „De
2078 2793 2523 2877 poenitentiae
2570 2793 2900 2860 consulta-

642 2907 821 2973 tione
867 2906 1238 2990 diligentius
1281 2909 1789 2989 pertractetur.“
1874 2904 2102 2972 Lectio
2148 2909 2252 2971 est
2274 2904 2529 2973 Codicis
2572 2904 2896 2990 Vaticani,

644 3018 760 3086 sed
802 3018 908 3084 vix
949 3001 1107 3084 i'erri
1146 3021 1390 3101 potest.
1452 3018 1688 3086 Nescio
1732 3038 1821 3085 an
1857 3018 2313 3103 corrigendum
2356 3020 2472 3085 sit:
2520 3019 2901 3104 „poeniten-

642 3132 776 3198 tiae
821 3132 1333 3196 consuetudine“.

815 3261 889 3328 L.
933 3261 1071 3327 VII:
1117 3283 1217 3346 ep.
1268 3267 1342 3328 11
1394 3261 1507 3348 (M.
1550 3265 1675 3327 296
1720 3260 1847 3348 Α.).
1937 3259 2185 3342 „Huius
2248 3260 2427 3328 modi
2484 3261 2899 3330 salutationis

602 3449 605 3452 ,
649 3380 923 3443 nostrae
995 3374 1565 3456 consuetudinem,
1629 3375 1879 3441 scilicet
1942 3374 2343 3458 apostolicae
2406 3373 2900 3458 benedictionis,

645 3510 789 3556 eam
831 3488 953 3555 tibi
993 3483 1330 3566 mittentes
1373 3509 1506 3556 non
1551 3488 1688 3554 sine
1728 3488 2164 3555 haesitatione
2196 3487 2393 3555 modo
2440 3488 2900 3554 servavimu8.“

643 3601 885 3684 „Eam“
931 3623 972 3668 a
1016 3601 1331 3687 Gregorio
1379 3602 1693 3695 scriptum
1733 3600 1954 3683 fuisse,
1998 3601 2105 3668 vix
2146 3600 2303 3667 mihi
2335 3601 2719 3686 persuadeo,
2761 3621 2899 3667 ma-

642 3715 785 3781 lim:
833 3717 1173 3797 epistolam
1214 3713 1316 3781 vel
1358 3716 1623 3779 litteras.

817 3843 1067 3908 Eodem
1113 3847 1249 3908 loco
1296 3844 1406 3930 (M.
1435 3848 1557 3910 296
1576 3842 1703 3929 Β.).
1756 3841 2212 3928 „Quicunque
2257 3842 2430 3909 enim
2471 3842 2649 3910 bona
2694 3845 2900 3911 eccle-

645 3959 888 4025 siarum
929 3955 1288 4037 invadunt,
1323 3956 1392 4021 id
1436 3960 1540 4022 est
1585 3957 1725 4023 sine
1771 3960 1955 4022 certa
1990 3956 2257 4022 licentia
2300 3957 2753 4041 episcoporum
2798 3957 2902 4024 vel

645 4071 987 4140 abbatum.
1026 4069 1339 4153 diripiunt
1402 4069 1503 4136 vel
1567 4068 1652 4135 ab
1718 4069 1937 4154 aliqua
1993 4090 2277 4160 persona
2343 4069 2699 4153 accipiunt,
2764 4092 2899 4138 non

646 4185 856 4252 solum
900 4181 983 4249 ab
1029 4182 1390 4267 apostolica
1434 4181 1589 4248 sede
1632 4182 1758 4249 hoc
1800 4185 2115 4267 tempore,
2159 4204 2382 4249 verum
2422 4182 2619 4248 etiam
2659 4203 2700 4247 a
2734 4182 2897 4249 mul-

643 4298 732 4364 tis
777 4296 1021 4363 sanctis
1060 4295 1389 4380 patribuS,
1458 4291 1629 4362 sicut
1669 4295 1738 4362 in
1783 4295 2122 4379 scripturis
2168 4316 2391 4361 eorum
2433 4295 2899 4388 repperimus.“

645 4409 842 4480 Plura
884 4409 1220 4498 excidisse,
1262 4406 1674 4476 manifestum
1720 4411 1842 4474 est.
1895 4407 1973 4473 In
2015 4407 2202 4486 hunc,
2229 4405 2366 4474 fere
2408 4406 2672 4476 modum
2712 4407 2897 4478 locus

1222 4729 1397 4840 Ἃ,
