3371 5259
790 659 862 725 L.
909 658 1079 725 VIII.
1125 680 1228 744 ep.
1276 664 1313 725 5
1361 658 1474 743 (M.
1521 662 1646 724 319
1689 658 1816 743 A.)-
1906 657 2229 739 „Cicani.“
2331 660 2639 743 inermi
2676 661 2878 728 conii-

621 772 742 839 cio.
831 770 927 838 Cf.
969 772 1043 837 L.
1084 772 1253 837 VIIL
1299 792 1400 856 ep.
1439 777 1498 837 2.

793 884 981 949 Cone.
1022 883 1304 948 Roman.
1347 884 1456 949 VI.
1499 884 1612 970 (M.
1638 887 1764 949 523
1808 883 1940 969 D.).
2008 884 2332 964 „Maxima
2364 884 2684 970 siquidem
2723 906 2879 971 pars

616 1017 857 1082 panem
899 1001 969 1062 et
1011 997 1231 1062 vinum
1266 1018 1413 1082 *per
1479 1017 1710 1063 sacrae
1777 997 2094 1063 orationis
2137 997 2340 1063 verba
2383 1002 2452 1064 et
2516 998 2881 1065 sacerdotis

619 1110 1196 1190 consecrationem,
1243 1110 1479 1194 spiritu
1524 1114 1755 1175 sancto
1790 1109 2201 1175 invisibiliter
2222 1115 2555 1193 operante,
2593 1113 2885 1177 converti

626 1222 1151 1288 substantialiter
1192 1224 1261 1288 in
1305 1243 1543 1307 corpus
1565 1220 1974 1288 Dominicum
2019 1221 2100 1287 de
2142 1224 2392 1313 virgine
2413 1228 2661 1305 natum,
2706 1222 2885 1309 quod

627 1338 697 1401 et
737 1335 806 1400 in
849 1355 1042 1401 cruce
1083 1335 1430 1420 pependit,
1497 1339 1565 1400 et
1627 1335 1697 1399 in
1747 1335 2156 1419 sanguinem,
2214 1337 2326 1420 qui
2369 1334 2451 1401 de
2495 1337 2633 1402 eius
2674 1336 2884 1403 latere

626 1448 847 1514 militis
895 1446 1137 1514 effusus
1182 1454 1285 1515 est
1339 1449 1571 1514 lancea
1586 1497 1602 1527 ,
1668 1445 2010 1512 asserebat
2074 1452 2273 1532 atque
2328 1448 2694 1514 rationibus
2747 1453 2889 1516 tam

629 1560 858 1627 Grecis
902 1581 1098 1645 quam
1152 1560 1403 1626 Latinis
1421 1564 1480 1639 ὅ)
1534 1558 1748 1625 modis
1791 1558 2089 1624 omnibus
2139 1558 2560 1641 defendebat3
2621 1561 2887 1647 quidam

626 1694 801 1755 vern,
847 1674 1167 1740 caecitate
1209 1674 1411 1739 nimia
1453 1677 1522 1739 et
1562 1672 1762 1756 longa
1802 1672 2102 1755 perculsi,
2145 1671 2355 1757 figura
2385 1679 2645 1740 tantum
2690 1677 2887 1762 [quae

630 1786 1064 1852 substantiale
1117 1785 1278 1852 illud
1323 1807 1560 1871 corpus
1603 1786 1673 1851 in
1710 1784 1984 1850 dextera
2022 1786 2232 1868 patris
2277 1787 2511 1852 sedens
2556 1787 2750 1872 esse]‚
2817 1808 2887 1854 se

630 1899 924 1984 aliosque
982 1898 1382 1983 decipientes
1400 1949 1416 1979 ,
1482 1896 1873 1983 quibusdam
1915 1897 2435 1964 cavillationibus
2480 1896 2890 1965 conabantur
3013 1986 3018 1991 Ο

630 2016 991 2078 astruere.“
1077 2011 1290 2078 Locus
1336 2008 1422 2076 ad
1465 2031 1731 2077 causam
1771 2010 2151 2095 Berengarii
2195 2015 2499 2094 spectans
2542 2013 2886 2078 manifesto

632 2127 978 2207 corruptus
1023 2128 1143 2189 est.
1232 2122 1470 2198 Verba,
1515 2143 1682 2208 quae
1726 2120 1911 2188 uncis
1950 2123 2348 2204 inclusimuS,
2391 2124 2458 2188 in
2504 2125 2728 2191 codice
2757 2125 2889 2191 Va-

630 2237 852 2302 ticano
918 2240 1246 2320 expuncta
1311 2240 1482 2301 sunt.
1610 2234 1741 2301 Sed
1805 2256 2199 2321 quamquam
2259 2234 2571 2302 librarius
2625 2237 2890 2323 quidam

633 2370 714 2416 ea
757 2348 961 2414 deleri
1003 2348 1225 2430 voluit,
1270 2352 1491 2414 tamen
1550 2347 1962 2415 restituenda
2005 2352 2204 2433 atque
2246 2348 2316 2413 in
2358 2348 2529 2415 hunc
2571 2349 2708 2416 fere
2750 2372 2889 2418 mo-

572 2528 573 2531 ,
633 2461 789 2528 dum
833 2460 1240 2527 emendanda
1263 2482 1406 2527 esse
1442 2461 1759 2528 arbitror:
1806 2460 2111 2546 „quidam
2130 2481 2305 2541 vero,
2352 2462 2669 2529 caecitate
2691 2463 2891 2529 nimia

634 2579 703 2642 et
743 2573 941 2659 longa
982 2574 1296 2659 perculsi,
1332 2573 1542 2660 figura
1585 2578 1847 2641 tantum
1893 2574 2291 2662 („converti“
2338 2572 2739 2661 subaudias),
2785 2581 2890 2639 at-

634 2706 752 2773 que
796 2686 1229 2754 substantiale
1271 2687 1431 2753 illud
1477 2709 1713 2773 corpus
1767 2689 1836 2753 in
1881 2686 2153 2782 dextera
2192 2688 2402 2772 patris
2448 2687 2681 2754 sedens
2725 2709 2888 2772 esse,

635 2820 707 2866 se
748 2800 1040 2886 aliosque
1085 2799 1499 2885 decipientes,
1566 2799 1956 2885 quibusdam
2001 2800 2516 2867 cavillationibus
2563 2800 2891 2867 conaban—

631 2916 744 2978 tur
799 2918 1160 2979 astruere.“
1283 2912 1541 2980 Caraffa
1602 2893 1748 2979 ineo
1814 2912 2053 2979 iudicio
2129 2915 2520 2979 sententiam
2573 2915 2892 2998 pervertit

568 3029 571 3034 ’
631 3027 840 3111 magis
885 3047 1081 3111 quam
1125 3027 1468 3093 constituit
1509 3027 1602 3092 sic
1647 3025 2016 3092 scribendo:
2077 3025 2391 3111 „figuram
2432 3031 2692 3093 tantum
2737 3026 2889 3093 sub-

632 3138 938 3205 stantiale
977 3137 1139 3205 illud
1184 3159 1419 3224 corpus
1462 3139 1532 3205 in
1578 3138 1815 3205 dextra
1833 3139 2046 3222 patris
2091 3137 2325 3206 sedens
2363 3159 2525 3222 esse,
2572 3159 2772 3224 seque
2818 3142 2888 3205 et

631 3249 794 3316 alios
839 3249 1278 3337 decipientes“
1324 3253 1448 3318 etc.

1707 3582 1812 3666 V.

805 3807 943 3891 Iam
1008 3809 1170 3875 satis
1231 3807 1313 3874 de
1389 3807 1823 3894 antiquissimi
1900 3807 2139 3876 codicis
2177 3807 2509 3876 'Vaticani
2572 3815 2642 3877 et
2699 3830 2892 3897 prae-

634 3921 884 3993 stantia
929 3923 997 3986 et
1038 3920 1210 3988 vitiis
1255 3919 1495 3988 dixisse
1540 3920 1697 3989 mihi
1734 3920 1976 4003 videor,
2022 3941 2233 4006 neque
2253 3922 2527 4006 amplius
2551 3924 2894 4010 quisquam

670 4203 732 4268 b)
776 4202 843 4258 In
873 4203 1109 4272 margine
1150 4200 1344 4257 codicis
1377 4199 1622 4255 Vaticani
1661 4198 1797 4254 haec
1837 4197 2109 4267 leguntur:
2167 4198 2601 4270 „auctoritatibus
2643 4200 2892 4257 orthodo-

777 4311 966 4354 xorum
998 4301 1301 4354 sanctorum
1333 4292 1545 4366 patruni
1593 4301 1707 4351 tam
1750 4292 2042 4349 Greoorum
2086 4309 2246 4363 quam
2277 4291 2641 4368 Latinorum“,
2678 4311 2817 4366 quae
2859 4310 2895 4351 a

777 4391 987 4457 Cat-affe„
1017 4397 1239 4470 recepta
1269 4391 1326 4450 in
1358 4404 1541 4451 omnes
1574 4388 1837 4448 editiones
1868 4388 2214 4446 transierunt.

1270 4693 1383 4760 ”K
