3371 5259
533 733 759 773 Editionis

516 803 769 842 Mansiauae

577 873 717 911 locus.

490 960 610 1016 329.
649 959 714 1010 A.

490 1149 608 1200 329.
644 1148 708 1199 Β.

490 1252 607 1303 331.
644 1251 707 1302 Β.

492 1356 609 1406 335.
650 1353 710 1406 C.

491 1459 609 1509 335.
647 1458 714 1509 D.

493 1562 611 1613 336.
649 1561 715 1612 D.

492 1666 603 1716 337.
644 1666 709 1714 A.

492 1769 610 1818 340.
649 1768 708 1818 C.

491 1873 609 1923 342.
646 1871 708 1923 Β.

494 2236 612 2286 342.
651 2235 709 2286 Ε.

490 2338 608 2389 343.
646 2339 708 2390 Ε.

489 2442 608 2492 344.
647 2442 708 2494 C.

489 2545 610 2595 344.
649 2546 717 2596 D.

491 2651 611 2703 345.
646 2651 717 2701 D.

490 2753 608 2806 346.
648 2755 707 2806 C.

490 2857 607 2910 346.
643 2858 709 2911 D:

489 2963 606 3013 348.
643 2963 712 3014 A.

491 3066 611 3117 349.
650 3068 715 3119 A.

490 3169 609 3222 349.
647 3169 714 3219 D.

491 3273 608 3325 349.
644 3273 708 3323 Ε.

489 3377 607 3429 350.
644 3376 707 3427 Β.

489 3481 607 3556 351.
646 3479 707 3532 Β.

493 3758 611 3808 354.
650 3756 719 3808 D.

492 3860 611 3911 355.
652 3861 717 3912 Α.

494 4051 612 4102 355.
652 4050 713 4101 C.

496 4154 613 4207 355.
653 4154 724 4205 D.

497 4257 617 4308 356.
654 4256 723 4308 D.

497 4359 616 4412 356.
654 4360 718 4409 Ε.

499 4462 619 4516 359.
658 4464 726 4519 Α.

1409 563 1829 624 -27-

1240 784 1392 824 Lectio
1448 779 1455 786 '

1217 854 1424 904 vulgaris.

826 978 833 985 ·
871 959 1082 1027 merito,
1114 972 1248 1026 quas
1271 969 1492 1033 sperare
1512 956 1763 1013 studium.

865 1148 1362 1215 tergiversationem
1396 1147 1498 1202 sibi
1532 1145 1668 1201 fieri.

869 1256 924 1305 et
958 1250 1134 1305 divina
1168 1251 1479 1320 clementia,
1515 1249 1671 1319 quod.

866 1354 1104 1424 pericula
1137 1354 1207 1409 ad
1241 1355 1613 1424 cognitionem·

867 1457 1007 1512 unde
1044 1456 1291 1526 gaudeat.
1371 1437 1378 1445 ”

866 1562 1015 1616 Inter
1048 1561 1150 1616 hoc
1182 1563 1379 1630 itaque.

868 1664 1025 1720 simul
1061 1664 1400 1734 dedignatur.

866 1756 1029 1837 posse
1067 1769 1381 1838 episcopum
1418 1771 1697 1825 nominari.

867 1872 1049 1927 audita
1083 1888 1233 1928 voce.

866 2234 1126 2290 ecclesiae
1166 2234 1523 2303 provideatur.
1576 2204 1582 2211 ο

871 2338 1099 2394 necdum
1134 2344 1354 2393 tantam.

865 2441 971 2496 hoc
1006 2457 1112 2495 non
1149 2443 1401 2510 potuerit.

866 2545 1014 2599 illum
1049 2546 1360 2614 praeterita.

867 2656 928 2705 ut
963 2650 1194 2704 demum.

867 2753 1181 2821 disciplinae
1216 2761 1422 2809 tenore.

863 2872 1014 2911 suam
1050 2839 1520 2912 consecrationem.
1622 2921 1625 2922 ⁷

865 2976 1018 3015 suum
1056 2961 1395 3029 quibuslibet.

866 3063 1014 3118 Maii.

868 3168 1029 3223 etiam
1065 3165 1259 3222 focum.

866 3271 1116 3338 quoniam
1152 3270 1380 3324 illorum.
1440 3338 1448 3345 ι

866 3375 1038 3429 nostri
1075 3374 1310 3429 servitio.

869 3477 1300 3546 Vvisigothorum
1336 3477 1582 3546 gloriosis
1627 3476 1764 3545 regi—

939 3564 1040 3619 bus
1075 3564 1138 3618 L.
1179 3570 1234 3619 et
1268 3563 1337 3617 A.

869 3752 1197 3808 fraternitati
1227 3759 1355 3807 tuae
1373 3751 1767 3807 committimus.

868 3857 1166 3926 praelibato
1202 3857 1548 3912 antecessori.

872 4045 1128 4114 temporis
1165 4050 1555 4114 supportatum.

873 4149 1015 4205 infra
1048 4148 1384 4219 praedictum
1419 4149 1668 4218 spatium.

873 4270 993 4310 cum
1027 4253 1433 4309 tentationibus.

876 4358 1109 4427 glorioso
1151 4356 1333 4414 comiti
1378 4355 1766 4426 Andegavensi.

874 4470 1021 4518 recte
1055 4477 1163 4521 non
1196 4459 1476 4522 diiudicas-

2226 781 2374 820 Leetio
2485 761 2492 768 ’

2120 851 2290 889 codicis
2322 849 2538 889 Vaticani.

1850 955 2039 1010 merito
2107 970 2272 1022 queas
2331 968 2550 1023 sperare
2567 994 2582 1021 ,
2638 958 2747 1006 stu-

1921 1041 2082 1095 dium.
2116 1041 2183 1092 H.

1850 1145 2388 1214 *tergiversationem
2422 1144 2518 1199 tibi
2551 1141 2685 1197 fleri.

1854 1256 1909 1305 et
1942 1249 2078 1303 mira
2113 1247 2415 1317 clementia,
2449 1246 2608 1315 quod.

1851 1352 2095 1423 pericula
2129 1352 2199 1407 ad
2232 1351 2570 1434 agnitionem.

1851 1456 1992 1512 unde
2029 1455 2314 1526 gaudebat.

1852 1563 2000 1616 Inter
2033 1562 2168 1616 haec
2204 1560 2400 1628 itaque.

1854 1666 2035 1721 similis
2071 1663 2403 1733 dedignatur.
2444 1661 2507 1713 H.

1853 1784 2015 1838 posse
2053 1782 2173 1823 esse
2210 1767 2541 1836 episcopum.

1854 1872 2033 1927 audita
2079 1879 2269 1926 morte.
2329 1869 2567 1938 (Caraffa
2609 1869 2754 1936 quasi

1923 1959 1984 2011 dc
2030 1960 2316 2010 coniectura
2356 1956 2575 2023 maryim’
2616 1955 2752 2007 adic-

1922 2032 1990 2096 ct't
2024 2045 2094 2108 id,
2132 2043 2263 2112 quod
2305 2044 2359 2093 in
2396 2042 2504 2093 cod.
2553 2042 2750 2107 [θρίων.

1920 2122 2214 2183 Har-dicium
2251 2126 2485 2180 conieoit=
2518 2129 2696 2194 nece.)

1855 2235 2115 2291 ecclesiae
2150 2250 2248 2288 rex
2281 2230 2647 2301 provideatur.

1854 2338 2091 2395 *nedum
2125 2343 2345 2392 tantam.

1861 2444 1963 2499 hoc
1998 2458 2105 2498 non
2131 2439 2445 2510 oportuerit.

1856 2548 2004 2603 illum
2039 2552 2095 2601 et
2130 2544 2445 2614 praeterita.

1862 2659 1957 2707 aut
1992 2652 2218 2707 demum.

1855 2757 1923 2811 de
1960 2753 2272 2823 disciplinae
2308 2759 2512 2808 tenore.

1852 2862 1934 2916 sui
1968 2857 2441 2914 consecrationem.

1848 2979 2003 3018 suum
2036 2943 2358 3030 quibusque.⁴

1848 3068 1980 3122 Maii
2015 3065 2300 3120 indictione
2335 3070 2544 3131 quarta.

1848 3170 2007 3225 etiam
2042 3167 2268 3222 fodrum.

1848 3276 1876 3308 *
1895 3272 2145 3341 quoniam
2181 3278 2236 3325 et
2268 3269 2496 3324 illorum.

1850 3385 2036 3430 nostro
2074 3373 2307 3428 servitio.

1850 3477 2285 3547 Vvisigothorum
2321 3476 2567 3545 gloriosis
2610 3477 2747 3544 regi-

1918 3565 2020 3619 bus
2045 3637 2052 3640 *
2080 3562 2120 3617 I.
2174 3569 2230 3617 et
2283 3561 2349 3616 A.
2407 3563 2748 3628 (Dedynatur

1921 3668 2013 3703 rex
2049 3650 2172 3717 Inqe
2207 3650 2271 3715 cf.
2292 3647 2355 3699 L.
2389 3647 2529 3700 VIII.
2552 3665 2623 3715 ep.
2644 3647 2746 3713 ΙΙ.)

1854 3753 2181 3809 fraternitati
2215 3759 2342 3807 tuae
2377 3752 2713 3806 remittimus.

1853 3858 2148 3927 praephato
2186 3859 2246 3921 (i.
2274 3874 2315 3909 e.
2346 3855 2621 3926 praefato)
2658 3871 2749 3916 an-

1921 3944 2198 3998 tecessori.

1853 4047 2112 4116 temporis
2145 4051 2510 4115 supportatus.

1853 4149 1996 4204 infra
2028 4148 2327 4219 praefixum
2360 4149 2608 4218 spatium.

1856 4254 1953 4307 *in
1986 4252 2389 4307 tentationibus.

1857 4356 2088 4426 glorioso
2124 4354 2322 4410 comiti.

1856 4466 2010 4519 recte
2041 4472 2150 4516 non
2183 4457 2406 4514 dividas.
2446 4456 2514 4517 H.
