3371 5259
681 674 754 739 L.
780 673 883 739 VI.
928 695 1026 758 ep.
1075 679 1157 740 28
1205 674 1315 762 (Μ.
1363 679 1487 741 278
1510 675 1636 761 Β.).
1715 675 2065 757 „Miramur
2099 675 2538 741 temeritatem
2561 677 2629 741 et
2669 673 2766 739 in-

513 786 854 891 solentiam
898 788 1448 872 praesumptionis
1492 792 1781 870 vestrae,
1851 788 2031 872 quod
2096 792 2328 855 contra
2387 788 2488 854 fas
2553 792 2636 851 et
2658 797 2767 852 ex·-

512 900 1159 971 communicationem
1202 900 1631 984 apostolicam
1674 900 1858 967 vobis
1903 896 2213 981 delatam,
2258 899 2592 975 abbatiam
2634 899 2768 964 Do-

509 1012 771 1091 lensem,
819 1024 1033 1096 quam·
1056 1013 1125 1077 in
1170 1014 1441 1079 tutelam
1487 1013 1802 1081 hactenus
1847 1013 2186 1094 habuistis,
2231 1015 2425 1105 immo
2463 1014 2661 1078 etiam
2683 1010 2770 1077 ad
2901 1070 2904 1073 .

513 1124 838 1189 cumulum
883 1122 1256 1210 detrimenti
1299 1129 1437 1191 tam
1480 1127 1843 1192 animarum
1886 1128 2251 1192 vestrarum
2301 1146 2495 1210 quam
2540 1144 2770 1208 corpo-

508 1257 653 1301 rum
677 1286 692 1316 ,
741 1236 997 1303 abiecto
1044 1258 1140 1318 e0,
1209 1259 1400 1322 quem
1443 1241 1725 1324 propriis
1766 1239 2065 1305 manibus
2093 1239 2244 1304 Deo
2285 1238 2544 1304 volente
2586 1236 2769 1303 vobis

507 1350 576 1413 in
599 1348 902 1415 abbatem
925 1352 1462 1432 consecravimus,
1509 1352 1914 1419 Gualterium
1952 1353 2316 1418 invasorem
2356 1350 2769 1433 inrecupera-

509 1461 727 1527 biliter
771 1461 1247 1547 deposuimuS.“
1315 1464 1573 1548 Aliquid
1615 1464 1934 1531 excidisse
1977 1468 2131 1549 post
2175 1463 2596 1546 „habuistis“,
2640 1461 2769 1526 iam

511 1573 769 1640 Oaraffa
811 1578 1083 1641 notavit.
1170 1579 1245 1640 Vi
1283 1580 1605 1641 invaezzstzs
1648 1579 1751 1644 vel
1794 1578 1922 1644 alia
1965 1577 2198 1643 similia
2221 1575 2583 1660 supplenda
2606 1594 2768 1654 esse,

508 1686 923 1753 manifestum
968 1694 1086 1754 est.
1139 1689 1285 1755 'Sed
1329 1711 1411 1756 ne
1458 1691 1551 1757 sic
1597 1690 1857 1775 quidem
1893 1690 2075 1756 locus
2100 1692 2371 1757 sanatus
2396 1693 2516 1753 est.
2562 1687 2770 1753 Aliam

511 1800 680 1865 enim
721 1802 1357 1884 praetermissionem
1396 1807 1549 1887 post
1593 1804 2037 1884 „invasorem“
2081 1801 2515 1887 deprehendo.
2605 1798 2770 1883 Sup-

507 1913 685 1998 plere
717 1913 1017 1979 lacunam
1049 1914 1150 1980 his
1194 1915 1408 1981 verbis
1451 1936 1645 2000 posse
1688 1917 1845 1983 mihi
1867 1916 2119 1984 videor:
2165 1917 2544 1999 „racemata
2588 1931 2769 1997 quem

506 2025 1143 2111 inrecuperabiliter“
1188 2032 1310 2094 etc.
2011 2115 2016 2122 ¹

679 2137 750 2203 L.
796 2139 903 2204 VI.
951 2161 1049 2224 ep.
1100 2145 1180 2205 32
1230 2141 1340 2228 (M.
1389 2146 1509 2207 281
1537 2141 1664 2226 Α.).
1705 2140 2077 2223 ⁸„Pervenit
2120 2140 2216 2207 ad'
2251 2160 2443 2206 aures
2485 2142 2767 2226 nostras,

510 2251 688 2336 quod
729 2251 904 2319 bona
946 2252 1269 2337 Rorgonis
1314 2252 1395 2318 de
1442 2253 1736 2339 Coequo,
1803 2263 1970 2340 quae
2034 2258 2294 2319 mortuo
2344 2255 2495 2338 ipso
2540 2253 2608 2318 in
2650 2270 2767 2335 po-

508 2369 821 2430 testatem
866 2367 1173 2449 germani,
1221 2365 1467 2432 scilicet
1511 2368 1758 2451 Ugonis
1805 2368 2018 2434 nostri
2070 2367 2279 2433 fidelis
2325 2371 2391 2432 et
2433 2365 2564 2446 filii,
2628 2365 2769 2430 iure

512 2477 753 2544 debent
795 2477 1180 2558 concedere,
1249 2479 1392 2561 Ugo
1434 2480 1724 2546 Delezini
1781 2502 1822 2546 a
1866 2503 1993 2565 quo
2022 2481 2277 2559 ,iniuste
2332 2477 2772 2564 praesumpsit

510 2590 875 2658 ini-aderef‘
965 2590 1069 2657 Sic
1113 2591 1487 2658 Vaticanus.
1535 2604 1539 2609 ’
1591 2592 1849 2660 Caraffa
1914 2614 1994 2675 „a
2033 2599 2206 2678 quo“
2268 2593 2501 2660 omisit.
2599 2589 2767 2656 Har-

511 2704 746 2771 duinus
781 2705 1114 2789 ingeniose
1151 2705 1597 2773 coniiciendoz‘
1623 2707 1745 2788 „de
1767 2706 2149 2772 Leziniaco“
2191 2727 2396 2792 prope
2440 2705 2527 2772 ad
2548 2725 2770 2771 veram

511 2819 855 2886 lectionem
899 2817 1196 2884 accessit.
1257 2817 1584 2903 Scriptum
1627 2820 1800 2886 enim
1841 2823 1985 2885 erat
2026 2820 2094 2884 in
2134 2820 2485 2905 archetypo
2509 2820 2587 2882 de
2611 2817 2767 2881 Ler-

511 2933 828 3016 zinz‘aquO.
918 2929 1009 2996 cf.
1053 2930 1224 2997 infra
1267 2921 1737 3012 „memoratum
1789 2933 2383 2999 Lerziniacensem“
2452 2933 2574 3019 (sic
2611 2930 2769 2996 scri-

512 3048 697 3128 ptum
741 3047 844 3109 est
885 3044 953 3108 in
975 3043 1312 3126 VaticanO,
1357 3065 1488 3110 non
1537 3043 2184 3131 „Leziniacensem“).
2257 3045 2356 3121 Qu
2400 3049 2469 3110 et
2497 3066 2533 3108 c
2575 3063 2771 3127 saepe

510 3157 580 3223 in
625 3157 847 3223 codice
891 3161 1120 3224 nostro
1164 3161 1539 3241 permutata
1583 3162 1755 3224 sunt.
2121 3165 2124 3168 '
2214 3143 2220 3149 ’

683 3269 757 3334 L.
803 3269 911 3335 VI.
960 3290 1058 3353 ep.
1106 3274 1186 3334 35
1236 3269 1347 3356 (M.
1394 3274 1517 3335 283
1565 3270 1694 3355 D.).
1805 3269 2220 3351 „Provinciae
2286 3272 2506 3335 autem
2562 3268 2768 3336 multo

515 3387 668 3449 ante
693 3382 934 3448 Christi
978 3381 1329 3448 adventum
1372 3387 1667 3467 tempore
1712 3382 1953 3449 divisae
1977 3387 2132 3449 sunt
2152 3383 2434 3449 maxima
2456 3403 2537 3448 ex
2558 3385 2768 3467 parte,

516 3499 602 3559 et·
625 3499 862 3580 postea
939 3493 1022 3560 ab
1089 3495 1405 3578 apostolis
1471 3499 1539 3561 et
1602 3495 1801 3563 beato
1871 3494 2202 3562 Clemente
2265 3493 2770 3580 praedecessore

514 3613 765 3675 nostro
785 3607 933 3692 ipsa
975 3606 1203 3673 divisio
1251 3611 1353 3672 est
1416 3612 1749 3689 renovata,
1818 3612 1887 3674 et
1927 3610 1996 3674 in
2040 3610 2254 3695 capite
2295 3608 2773 3694 provinciarum

514 3760 596 3770 —
632 3720 747 3786 ubi
791 3720 1033 3786 dudum
1077 3720 1392 3804 primates
1434 3720 1595 3805 legis
1641 3725 1833 3786 erant
1876 3721 2118 3788 saeculi
2153 3743 2231 3788 ac
2274 3721 2485 3805 prima
2525 3719 2771 3790 iudica-

514 3833 615 3900 ria
654 3837 986 3918 potestas,
1060 3832 1146 3899 ad
1191 3853 1356 3916 quos
1401 3834 1510 3917 qui
1566 3855 1685 3918 per
1728 3834 2013 3919 reliquas
2072 3835 2369 3901 civitates
2415 3853 2772 3899 commora-

513 3946 774 4027 bantur,
822 3946 1082 4032 quando
1129 3946 1222 4011 eis
1266 3966 1533 4011 necesse
1579 3951 1741 4028 erat,
1788 3947 1898 4031 qui
1939 3946 2025 4013 ad
2048 3949 2264 4014 aulam
2305 3947 2772 4031 imperatorum

516 4059 618 4126 vel
647 4080 871 4144 regum
916 4058 1283 4154 confugere
1305 4081 1440 4128 non
1482 4063 1791 4142 poterant
1833 4061 1934 4126 vel
1978 4059 2211 4145 quibus
2234 4061 2619 4145 permissum
2639 4079 2772 4125 non

518 4177 678 4254 erat,
725 4171 1185 4258 confugiebant
1223 4194 1345 4257 pro
1391 4171 1917 4255 oppressionibus
1961 4173 2061 4238 vel
2102 4159 2436 4238 iniustitiis
2496 4171 2630 4238 suis
2673 4171 2772 4256 ip-

519 4305 758 4370 sosque
792 4284 1232 4369 appellabant,
1275 4284 1579 4370 quotiens
1625 4305 1790 4368 opus
1834 4278 1995 4366 erat,
2043 4285 2212 4352 sicut
2251 4286 2320 4351 in
2360 4284 2505 4370 lege
2548 4305 2773 4353 eorum

518 4401 938 4484 praeceptum
982 4400 1128 4464 erat
1184 4433 1273 4446 ——
1326 4396 1486 4483 ipsis
1529 4416 1787 4482 quoque
1841 4397 2211 4465 civitatibus
2254 4397 2358 4464 vel
2398 4398 2560 4464 locis
2604 4396 2771 4467 cele-
