<?xml version="1.0" encoding="UTF-8"?>
<!DOCTYPE html PUBLIC "-//W3C//DTD XHTML 1.0 Transitional//EN"
    "http://www.w3.org/TR/xhtml1/DTD/xhtml1-transitional.dtd">
<html xmlns="http://www.w3.org/1999/xhtml" xml:lang="en" lang="en">
 <head>
  <title>
</title>
<meta http-equiv="Content-Type" content="text/html;charset=utf-8" />
  <meta name='ocr-system' content='tesseract 3.04.00' />
  <meta name='ocr-capabilities' content='ocr_page ocr_carea ocr_par ocr_line ocrx_word'/>
</head>
<body>
  <div class='ocr_page' id='page_1' title='image "./degregoriiviire00giesgoog_0010.png"; bbox 0 0 3371 5259; ppageno 0'>
   <div class='ocr_carea' id='block_1_1' title="bbox 528 530 2860 3492">
    <p class='ocr_par' dir='ltr' id='par_1_1' title="bbox 569 530 2860 1122">
     <span class='ocr_line' id='line_1_1' title="bbox 1507 530 1897 592; baseline 0.003 -15"><span class='ocrx_word' id='word_1_1' title='bbox 1507 566 1593 577; x_wconf 84' lang='grc'><strong>-</strong></span> <span class='ocrx_word' id='word_1_2' title='bbox 1683 530 1722 592; x_wconf 81' lang='grc'><strong>6</strong></span> <span class='ocrx_word' id='word_1_3' title='bbox 1808 565 1897 578; x_wconf 82' lang='lat'><em>...-</em></span> 
     </span>
     <span class='ocr_line' id='line_1_2' title="bbox 571 699 2860 785; baseline 0 -19"><span class='ocrx_word' id='word_1_4' title='bbox 571 722 716 766; x_wconf 91' lang='lat' dir='ltr'><strong>cum</strong></span> <span class='ocrx_word' id='word_1_5' title='bbox 759 700 856 764; x_wconf 87' lang='lat' dir='ltr'><strong>ita</strong></span> <span class='ocrx_word' id='word_1_6' title='bbox 901 699 1048 781; x_wconf 91' lang='lat' dir='ltr'><strong>sint,</strong></span> <span class='ocrx_word' id='word_1_7' title='bbox 1096 700 1347 784; x_wconf 90' lang='lat' dir='ltr'><strong>sperari</strong></span> <span class='ocrx_word' id='word_1_8' title='bbox 1392 720 1549 765; x_wconf 89' lang='lat' dir='ltr'><strong>sane</strong></span> <span class='ocrx_word' id='word_1_9' title='bbox 1589 700 1832 783; x_wconf 89' lang='lat' dir='ltr'><strong>potuit,</strong></span> <span class='ocrx_word' id='word_1_10' title='bbox 1896 722 2149 767; x_wconf 87' lang='lat' dir='ltr'><strong>summa</strong></span> <span class='ocrx_word' id='word_1_11' title='bbox 2194 723 2338 767; x_wconf 91' lang='lat' dir='ltr'><strong>cum</strong></span> <span class='ocrx_word' id='word_1_12' title='bbox 2383 700 2718 785; x_wconf 90' lang='lat' dir='ltr'><strong>diligentia</strong></span> <span class='ocrx_word' id='word_1_13' title='bbox 2762 704 2860 766; x_wconf 89' lang='lat' dir='ltr'><strong>et·</strong></span> 
     </span>
     <span class='ocr_line' id='line_1_3' title="bbox 569 811 2827 899; baseline 0 -21"><span class='ocrx_word' id='word_1_14' title='bbox 569 834 610 878; x_wconf 90' lang='lat' dir='ltr'><strong>a</strong></span> <span class='ocrx_word' id='word_1_15' title='bbox 653 812 971 896; x_wconf 88' lang='lat' dir='ltr'><strong>theologis</strong></span> <span class='ocrx_word' id='word_1_16' title='bbox 1018 817 1086 878; x_wconf 89' lang='lat' dir='ltr'><strong>et</strong></span> <span class='ocrx_word' id='word_1_17' title='bbox 1144 811 1226 878; x_wconf 88' lang='lat' dir='ltr'><strong>ab</strong></span> <span class='ocrx_word' id='word_1_18' title='bbox 1281 813 1704 879; x_wconf 82' lang='lat' dir='ltr'><strong>historiarum</strong></span> <span class='ocrx_word' id='word_1_19' title='bbox 1759 814 2186 899; x_wconf 76' lang='lat' dir='ltr'><strong>scriptoribus</strong></span> <span class='ocrx_word' id='word_1_20' title='bbox 2244 835 2406 899; x_wconf 89' lang='lat' dir='ltr'><strong>opus</strong></span> <span class='ocrx_word' id='word_1_21' title='bbox 2451 814 2624 879; x_wconf 92' lang='lat' dir='ltr'><strong>tanti</strong></span> <span class='ocrx_word' id='word_1_22' title='bbox 2665 834 2827 897; x_wconf 90' lang='lat' dir='ltr'><strong>pon-</strong></span> 
     </span>
     <span class='ocr_line' id='line_1_4' title="bbox 573 925 2828 1011; baseline 0.001 -20"><span class='ocrx_word' id='word_1_23' title='bbox 573 926 744 991; x_wconf 83' lang='lat' dir='ltr'>deris</span> <span class='ocrx_word' id='word_1_24' title='bbox 768 926 1279 1009; x_wconf 82' lang='lat' dir='ltr'>pervestigatum</span> <span class='ocrx_word' id='word_1_25' title='bbox 1312 926 1411 990; x_wconf 71' lang='lat' dir='ltr'><strong>iri&#39;.</strong></span> <span class='ocrx_word' id='word_1_26' title='bbox 1458 925 1545 990; x_wconf 92' lang='lat' dir='ltr'><strong>At</strong></span> <span class='ocrx_word' id='word_1_27' title='bbox 1573 947 1726 992; x_wconf 93' lang='lat' dir='ltr'><strong>vero</strong></span> <span class='ocrx_word' id='word_1_28' title='bbox 1769 928 2285 1011; x_wconf 81' lang='lat' dir='ltr'><strong>quotusquisque</strong></span> <span class='ocrx_word' id='word_1_29' title='bbox 2332 931 2451 1008; x_wconf 91' lang='lat' dir='ltr'><strong>est,</strong></span> <span class='ocrx_word' id='word_1_30' title='bbox 2500 928 2611 1011; x_wconf 92' lang='lat' dir='ltr'><strong>qui</strong></span> <span class='ocrx_word' id='word_1_31' title='bbox 2631 927 2828 1010; x_wconf 87' lang='lat' dir='ltr'><strong>paulo</strong></span> 
     </span>
     <span class='ocr_line' id='line_1_5' title="bbox 572 1038 1585 1122; baseline -0.001 -19"><span class='ocrx_word' id='word_1_32' title='bbox 572 1038 890 1104; x_wconf 89' lang='lat' dir='ltr'><strong>attentius</strong></span> <span class='ocrx_word' id='word_1_33' title='bbox 934 1038 1003 1103; x_wconf 92' lang='lat' dir='ltr'><strong>id</strong></span> <span class='ocrx_word' id='word_1_34' title='bbox 1047 1038 1585 1122; x_wconf 76' lang='lat' dir='ltr'><strong>perlustraverit?</strong></span> 
     </span>
    </p>

    <p class='ocr_par' dir='ltr' id='par_1_2' title="bbox 528 1150 2846 2928">
     <span class='ocr_line' id='line_1_6' title="bbox 746 1150 2831 1237; baseline 0 -22"><span class='ocrx_word' id='word_1_35' title='bbox 746 1150 903 1231; x_wconf 84' lang='lat' dir='ltr'><strong>Sed,</strong></span> <span class='ocrx_word' id='word_1_36' title='bbox 967 1154 1043 1215; x_wconf 94' lang='lat' dir='ltr'><strong>ut</strong></span> <span class='ocrx_word' id='word_1_37' title='bbox 1103 1150 1417 1216; x_wconf 92' lang='lat' dir='ltr'><strong>leniorem</strong></span> <span class='ocrx_word' id='word_1_38' title='bbox 1483 1152 1875 1218; x_wconf 87' lang='lat' dir='ltr'><strong>sententiam</strong></span> <span class='ocrx_word' id='word_1_39' title='bbox 1917 1152 2221 1234; x_wconf 78' lang='lat' dir='ltr'><strong>feramuS,</strong></span> <span class='ocrx_word' id='word_1_40' title='bbox 2288 1174 2366 1220; x_wconf 87' lang='lat' dir='ltr'><strong>ea</strong></span> <span class='ocrx_word' id='word_1_41' title='bbox 2419 1152 2831 1237; x_wconf 84' lang='lat' dir='ltr'><strong>negligentia,</strong></span> 
     </span>
     <span class='ocr_line' id='line_1_7' title="bbox 573 1262 2832 1359; baseline 0.001 -30"><span class='ocrx_word' id='word_1_42' title='bbox 573 1264 882 1359; x_wconf 37' lang='lat' dir='ltr'><strong>quamvis,</strong></span> <span class='ocrx_word' id='word_1_43' title='bbox 910 1263 996 1327; x_wconf 91' lang='lat' dir='ltr'><strong>sit</strong></span> <span class='ocrx_word' id='word_1_44' title='bbox 1038 1262 1496 1347; x_wconf 87' lang='lat' dir='ltr'><strong>improbanda,</strong></span> <span class='ocrx_word' id='word_1_45' title='bbox 1543 1269 1762 1330; x_wconf 90' lang='lat' dir='ltr'><strong>tamen</strong></span> <span class='ocrx_word' id='word_1_46' title='bbox 1810 1267 2293 1332; x_wconf 87' lang='lat' dir='ltr'><strong>excusationem</strong></span> <span class='ocrx_word' id='word_1_47' title='bbox 2348 1265 2674 1350; x_wconf 88' lang='lat' dir='ltr'><strong>quandam</strong></span> <span class='ocrx_word' id='word_1_48' title='bbox 2716 1265 2832 1331; x_wconf 91' lang='lat' dir='ltr'><strong>ha·</strong></span> 
     </span>
     <span class='ocr_line' id='line_1_8' title="bbox 528 1374 2836 1463; baseline 0.001 -22"><span class='ocrx_word' id='word_1_49' title='bbox 528 1400 531 1405; x_wconf 56' lang='grc'><strong><em>”</em></strong></span> <span class='ocrx_word' id='word_1_50' title='bbox 573 1375 729 1442; x_wconf 90' lang='lat' dir='ltr'><strong>bere</strong></span> <span class='ocrx_word' id='word_1_51' title='bbox 774 1374 1050 1441; x_wconf 89' lang='lat' dir='ltr'><strong>videtur.</strong></span> <span class='ocrx_word' id='word_1_52' title='bbox 1138 1376 1304 1442; x_wconf 90' lang='lat' dir='ltr'><strong>Nam</strong></span> <span class='ocrx_word' id='word_1_53' title='bbox 1346 1376 1505 1442; x_wconf 87' lang='lat' dir='ltr'><strong>nihil</strong></span> <span class='ocrx_word' id='word_1_54' title='bbox 1545 1377 1840 1460; x_wconf 88' lang='lat' dir='ltr'><strong>profecto</strong></span> <span class='ocrx_word' id='word_1_55' title='bbox 1876 1379 2214 1445; x_wconf 91' lang='lat' dir='ltr'><strong>molestius</strong></span> <span class='ocrx_word' id='word_1_56' title='bbox 2262 1384 2381 1460; x_wconf 90' lang='lat' dir='ltr'><strong>est,</strong></span> <span class='ocrx_word' id='word_1_57' title='bbox 2419 1399 2624 1463; x_wconf 91' lang='lat' dir='ltr'><strong>quam</strong></span> <span class='ocrx_word' id='word_1_58' title='bbox 2646 1382 2836 1444; x_wconf 86' lang='lat' dir='ltr'><strong>vasta</strong></span> 
     </span>
     <span class='ocr_line' id='line_1_9' title="bbox 573 1484 2833 1576; baseline 0 -21"><span class='ocrx_word' id='word_1_59' title='bbox 573 1484 686 1555; x_wconf 81' lang='lat' dir='ltr'><strong>ffla</strong></span> <span class='ocrx_word' id='word_1_60' title='bbox 727 1488 1081 1569; x_wconf 89' lang='lat' dir='ltr'><strong>volumina,</strong></span> <span class='ocrx_word' id='word_1_61' title='bbox 1124 1490 1192 1555; x_wconf 93' lang='lat' dir='ltr'><strong>in</strong></span> <span class='ocrx_word' id='word_1_62' title='bbox 1239 1489 1472 1574; x_wconf 91' lang='lat' dir='ltr'><strong>quibus</strong></span> <span class='ocrx_word' id='word_1_63' title='bbox 1517 1490 1671 1555; x_wconf 92' lang='lat' dir='ltr'><strong>solis</strong></span> <span class='ocrx_word' id='word_1_64' title='bbox 1718 1490 1929 1556; x_wconf 90' lang='lat' dir='ltr'><strong>adhuc</strong></span> <span class='ocrx_word' id='word_1_65' title='bbox 1974 1489 2346 1576; x_wconf 88' lang='lat' dir='ltr'><strong>Registrum</strong></span> <span class='ocrx_word' id='word_1_66' title='bbox 2386 1491 2552 1556; x_wconf 89' lang='lat' dir='ltr'><strong>adiri</strong></span> <span class='ocrx_word' id='word_1_67' title='bbox 2594 1494 2833 1575; x_wconf 88' lang='lat' dir='ltr'><strong>potest,</strong></span> 
     </span>
     <span class='ocr_line' id='line_1_10' title="bbox 574 1599 2836 1682; baseline 0.001 -15"><span class='ocrx_word' id='word_1_68' title='bbox 574 1601 831 1667; x_wconf 88' lang='lat' dir='ltr'><strong>volvere</strong></span> <span class='ocrx_word' id='word_1_69' title='bbox 855 1622 932 1666; x_wconf 87' lang='lat' dir='ltr'><strong>ac</strong></span> <span class='ocrx_word' id='word_1_70' title='bbox 975 1601 1323 1682; x_wconf 85' lang='lat' dir='ltr'><strong>revolvere,</strong></span> <span class='ocrx_word' id='word_1_71' title='bbox 1367 1607 1442 1667; x_wconf 94' lang='lat' dir='ltr'><strong>ut</strong></span> <span class='ocrx_word' id='word_1_72' title='bbox 1488 1623 1565 1667; x_wconf 88' lang='lat' dir='ltr'><strong>ea</strong></span> <span class='ocrx_word' id='word_1_73' title='bbox 1588 1624 1734 1667; x_wconf 92' lang='lat' dir='ltr'><strong>cum</strong></span> <span class='ocrx_word' id='word_1_74' title='bbox 1758 1623 1916 1668; x_wconf 91' lang='lat' dir='ltr'><strong>cura</strong></span> <span class='ocrx_word' id='word_1_75' title='bbox 1935 1624 2042 1668; x_wconf 93' lang='lat' dir='ltr'><strong>res</strong></span> <span class='ocrx_word' id='word_1_76' title='bbox 2077 1599 2450 1669; x_wconf 82' lang='lat' dir='ltr'><strong>tractentur</strong></span> <span class='ocrx_word' id='word_1_77' title='bbox 2471 1608 2836 1670; x_wconf 88' lang='lat' dir='ltr'><strong>retracten-</strong></span> 
     </span>
     <span class='ocr_line' id='line_1_11' title="bbox 577 1714 2837 1801; baseline 0.002 -23"><span class='ocrx_word' id='word_1_78' title='bbox 577 1718 832 1798; x_wconf 88' lang='lat' dir='ltr'><strong>turque,</strong></span> <span class='ocrx_word' id='word_1_79' title='bbox 879 1735 1046 1798; x_wconf 89' lang='lat' dir='ltr'><strong>quae</strong></span> <span class='ocrx_word' id='word_1_80' title='bbox 1090 1714 1210 1778; x_wconf 89' lang='lat' dir='ltr'><strong>tali</strong></span> <span class='ocrx_word' id='word_1_81' title='bbox 1254 1716 1434 1798; x_wconf 90' lang='lat' dir='ltr'><strong>operi</strong></span> <span class='ocrx_word' id='word_1_82' title='bbox 1458 1714 1790 1781; x_wconf 88' lang='lat' dir='ltr'><strong>tribuatur</strong></span> <span class='ocrx_word' id='word_1_83' title='bbox 1813 1719 2096 1799; x_wconf 86' lang='lat' dir='ltr'><strong>oportet.</strong></span> <span class='ocrx_word' id='word_1_84' title='bbox 2167 1717 2455 1797; x_wconf 87' lang='lat' dir='ltr'><strong>Accedit,</strong></span> <span class='ocrx_word' id='word_1_85' title='bbox 2502 1716 2680 1801; x_wconf 92' lang='lat' dir='ltr'><strong>quod</strong></span> <span class='ocrx_word' id='word_1_86' title='bbox 2703 1716 2837 1782; x_wconf 89' lang='lat' dir='ltr'><strong>edi·</strong></span> 
     </span>
     <span class='ocr_line' id='line_1_12' title="bbox 578 1819 2839 1910; baseline 0.001 -18"><span class='ocrx_word' id='word_1_87' title='bbox 578 1819 759 1892; x_wconf 89' lang='lat' dir='ltr'><strong>tores</strong></span> <span class='ocrx_word' id='word_1_88' title='bbox 805 1847 1038 1910; x_wconf 89' lang='lat' dir='ltr'><strong>parum</strong></span> <span class='ocrx_word' id='word_1_89' title='bbox 1082 1827 1566 1909; x_wconf 91' lang='lat' dir='ltr'><strong>consuluerunt,</strong></span> <span class='ocrx_word' id='word_1_90' title='bbox 1612 1833 1689 1893; x_wconf 87' lang='lat' dir='ltr'><strong>ut</strong></span> <span class='ocrx_word' id='word_1_91' title='bbox 1733 1828 2144 1895; x_wconf 87' lang='lat' dir='ltr'><strong>emendatam</strong></span> <span class='ocrx_word' id='word_1_92' title='bbox 2167 1830 2528 1895; x_wconf 90' lang='lat' dir='ltr'><strong>orationem</strong></span> <span class='ocrx_word' id='word_1_93' title='bbox 2572 1829 2839 1894; x_wconf 88' lang='lat' dir='ltr'><strong>lecturis</strong></span> 
     </span>
     <span class='ocr_line' id='line_1_13' title="bbox 577 1940 2839 2026; baseline 0.001 -21"><span class='ocrx_word' id='word_1_94' title='bbox 577 1943 1050 2026; x_wconf 82' lang='lat' dir='ltr'><strong>proponerent3</strong></span> <span class='ocrx_word' id='word_1_95' title='bbox 1100 1961 1295 2023; x_wconf 87' lang='lat' dir='ltr'><strong>quam</strong></span> <span class='ocrx_word' id='word_1_96' title='bbox 1340 1940 1422 2007; x_wconf 96' lang='lat' dir='ltr'><strong>ob</strong></span> <span class='ocrx_word' id='word_1_97' title='bbox 1471 1962 1735 2006; x_wconf 88' lang='lat' dir='ltr'><strong>causam</strong></span> <span class='ocrx_word' id='word_1_98' title='bbox 1782 1963 2004 2007; x_wconf 93' lang='lat' dir='ltr'><strong>omnes</strong></span> <span class='ocrx_word' id='word_1_99' title='bbox 2051 1941 2389 2022; x_wconf 88' lang='lat' dir='ltr'><strong>editiones,</strong></span> <span class='ocrx_word' id='word_1_100' title='bbox 2433 1963 2595 2025; x_wconf 89' lang='lat' dir='ltr'><strong>quas</strong></span> <span class='ocrx_word' id='word_1_101' title='bbox 2637 1942 2839 2008; x_wconf 89' lang='lat' dir='ltr'><strong>habe-</strong></span> 
     </span>
     <span class='ocr_line' id='line_1_14' title="bbox 579 2052 2839 2138; baseline 0.001 -20"><span class='ocrx_word' id='word_1_102' title='bbox 579 2074 741 2134; x_wconf 78' lang='lat' dir='ltr'><strong>muS,</strong></span> <span class='ocrx_word' id='word_1_103' title='bbox 764 2053 1015 2135; x_wconf 89' lang='lat' dir='ltr'><strong>pariter</strong></span> <span class='ocrx_word' id='word_1_104' title='bbox 1035 2052 1328 2135; x_wconf 83' lang='lat' dir='ltr'><strong>plurimis</strong></span> <span class='ocrx_word' id='word_1_105' title='bbox 1353 2054 1877 2137; x_wconf 85' lang='lat' dir='ltr'><strong>gravissimisque</strong></span> <span class='ocrx_word' id='word_1_106' title='bbox 1899 2054 2150 2119; x_wconf 90' lang='lat' dir='ltr'><strong>mendis</strong></span> <span class='ocrx_word' id='word_1_107' title='bbox 2176 2058 2452 2135; x_wconf 88' lang='lat' dir='ltr'><strong>scatent,</strong></span> <span class='ocrx_word' id='word_1_108' title='bbox 2493 2058 2569 2119; x_wconf 89' lang='lat' dir='ltr'><strong>ut</strong></span> <span class='ocrx_word' id='word_1_109' title='bbox 2593 2054 2839 2138; x_wconf 90' lang='lat' dir='ltr'><strong>Oedipo</strong></span> 
     </span>
     <span class='ocr_line' id='line_1_15' title="bbox 580 2164 2843 2248; baseline 0 -17"><span class='ocrx_word' id='word_1_110' title='bbox 580 2164 756 2231; x_wconf 94' lang='lat' dir='ltr'><strong>haud</strong></span> <span class='ocrx_word' id='word_1_111' title='bbox 799 2185 951 2230; x_wconf 90' lang='lat' dir='ltr'><strong>raro</strong></span> <span class='ocrx_word' id='word_1_112' title='bbox 999 2185 1163 2248; x_wconf 90' lang='lat' dir='ltr'><strong>opus</strong></span> <span class='ocrx_word' id='word_1_113' title='bbox 1210 2167 1314 2246; x_wconf 89' lang='lat' dir='ltr'><strong>sit,</strong></span> <span class='ocrx_word' id='word_1_114' title='bbox 1359 2167 1723 2232; x_wconf 84' lang='lat' dir='ltr'><strong>extricante</strong></span> <span class='ocrx_word' id='word_1_115' title='bbox 1769 2188 1847 2232; x_wconf 88' lang='lat' dir='ltr'><strong>ex</strong></span> <span class='ocrx_word' id='word_1_116' title='bbox 1891 2169 1996 2232; x_wconf 90' lang='lat' dir='ltr'><strong>tot</strong></span> <span class='ocrx_word' id='word_1_117' title='bbox 2041 2187 2335 2233; x_wconf 90' lang='lat' dir='ltr'><strong>errorum</strong></span> <span class='ocrx_word' id='word_1_118' title='bbox 2380 2167 2727 2233; x_wconf 89' lang='lat' dir='ltr'><strong>involucris</strong></span> <span class='ocrx_word' id='word_1_119' title='bbox 2774 2170 2843 2232; x_wconf 91' lang='lat' dir='ltr'><strong>et</strong></span> 
     </span>
     <span class='ocr_line' id='line_1_16' title="bbox 582 2276 2841 2363; baseline 0.001 -20"><span class='ocrx_word' id='word_1_120' title='bbox 582 2276 1092 2357; x_wconf 79' lang='lat' dir='ltr'><strong>difficultatibus,</strong></span> <span class='ocrx_word' id='word_1_121' title='bbox 1158 2278 1314 2362; x_wconf 92' lang='lat' dir='ltr'><strong>quid</strong></span> <span class='ocrx_word' id='word_1_122' title='bbox 1376 2278 1658 2361; x_wconf 89' lang='lat' dir='ltr'><strong>scriptor</strong></span> <span class='ocrx_word' id='word_1_123' title='bbox 1705 2279 1919 2344; x_wconf 90' lang='lat' dir='ltr'><strong>dicere</strong></span> <span class='ocrx_word' id='word_1_124' title='bbox 1958 2279 2255 2345; x_wconf 88' lang='lat' dir='ltr'><strong>voluerit.</strong></span> <span class='ocrx_word' id='word_1_125' title='bbox 2343 2279 2644 2363; x_wconf 89' lang='lat' dir='ltr'><strong>Inprimis</strong></span> <span class='ocrx_word' id='word_1_126' title='bbox 2687 2300 2841 2346; x_wconf 90' lang='lat' dir='ltr'><strong>vero</strong></span> 
     </span>
     <span class='ocr_line' id='line_1_17' title="bbox 582 2389 2846 2477; baseline 0.001 -21"><span class='ocrx_word' id='word_1_127' title='bbox 582 2389 1008 2475; x_wconf 88' lang='lat' dir='ltr'><strong>perturbatae</strong></span> <span class='ocrx_word' id='word_1_128' title='bbox 1026 2395 1179 2455; x_wconf 92' lang='lat' dir='ltr'><strong>sunt</strong></span> <span class='ocrx_word' id='word_1_129' title='bbox 1195 2390 1518 2456; x_wconf 91' lang='lat' dir='ltr'><strong>editorum</strong></span> <span class='ocrx_word' id='word_1_130' title='bbox 1539 2392 1791 2457; x_wconf 84' lang='lat' dir='ltr'><strong>incuria</strong></span> <span class='ocrx_word' id='word_1_131' title='bbox 1811 2399 2008 2458; x_wconf 90' lang='lat' dir='ltr'><strong>notae</strong></span> <span class='ocrx_word' id='word_1_132' title='bbox 2033 2392 2544 2476; x_wconf 89' lang='lat' dir='ltr'><strong>chronologicae,</strong></span> <span class='ocrx_word' id='word_1_133' title='bbox 2570 2414 2846 2477; x_wconf 92' lang='lat' dir='ltr'><strong>quarum</strong></span> 
     </span>
     <span class='ocr_line' id='line_1_18' title="bbox 586 2503 2846 2590; baseline 0.001 -21"><span class='ocrx_word' id='word_1_134' title='bbox 586 2503 1026 2586; x_wconf 88' lang='lat' dir='ltr'><strong>discrepantia</strong></span> <span class='ocrx_word' id='word_1_135' title='bbox 1069 2524 1175 2569; x_wconf 89' lang='lat' dir='ltr'><strong>res</strong></span> <span class='ocrx_word' id='word_1_136' title='bbox 1218 2524 1293 2569; x_wconf 94' lang='lat' dir='ltr'><strong>eo</strong></span> <span class='ocrx_word' id='word_1_137' title='bbox 1342 2503 1627 2570; x_wconf 91' lang='lat' dir='ltr'><strong>deducta</strong></span> <span class='ocrx_word' id='word_1_138' title='bbox 1671 2508 1792 2584; x_wconf 92' lang='lat' dir='ltr'><strong>est,</strong></span> <span class='ocrx_word' id='word_1_139' title='bbox 1837 2509 1912 2570; x_wconf 91' lang='lat' dir='ltr'><strong>ut</strong></span> <span class='ocrx_word' id='word_1_140' title='bbox 1955 2509 2186 2571; x_wconf 86' lang='lat' dir='ltr'><strong>nostra</strong></span> <span class='ocrx_word' id='word_1_141' title='bbox 2207 2507 2521 2571; x_wconf 89' lang='lat' dir='ltr'><strong>memoria</strong></span> <span class='ocrx_word' id='word_1_142' title='bbox 2566 2506 2846 2590; x_wconf 88' lang='lat' dir='ltr'><strong>scriptor</strong></span> 
     </span>
     <span class='ocr_line' id='line_1_19' title="bbox 586 2615 2845 2703; baseline 0.001 -21"><span class='ocrx_word' id='word_1_143' title='bbox 586 2615 849 2702; x_wconf 89' lang='lat' dir='ltr'><strong>quidam</strong></span> <span class='ocrx_word' id='word_1_144' title='bbox 890 2619 1105 2682; x_wconf 85' lang='lat' dir='ltr'><strong>totum</strong></span> <span class='ocrx_word' id='word_1_145' title='bbox 1127 2616 1499 2701; x_wconf 75' lang='lat' dir='ltr'><strong>Regist&#39;rum</strong></span> <span class='ocrx_word' id='word_1_146' title='bbox 1545 2639 1585 2683; x_wconf 89' lang='lat' dir='ltr'><strong>a</strong></span> <span class='ocrx_word' id='word_1_147' title='bbox 1628 2618 1848 2683; x_wconf 90' lang='lat' dir='ltr'><strong>nescio</strong></span> <span class='ocrx_word' id='word_1_148' title='bbox 1895 2640 2023 2703; x_wconf 92' lang='lat' dir='ltr'><strong>quo</strong></span> <span class='ocrx_word' id='word_1_149' title='bbox 2068 2621 2436 2685; x_wconf 90' lang='lat' dir='ltr'><strong>veteratore</strong></span> <span class='ocrx_word' id='word_1_150' title='bbox 2480 2619 2845 2686; x_wconf 89' lang='lat' dir='ltr'><strong>recentiore</strong></span> 
     </span>
     <span class='ocr_line' id='line_1_20' title="bbox 587 2723 2843 2818; baseline 0.001 -22"><span class='ocrx_word' id='word_1_151' title='bbox 587 2734 807 2796; x_wconf 87' lang='lat' dir='ltr'><strong>aetate</strong></span> <span class='ocrx_word' id='word_1_152' title='bbox 854 2728 1261 2813; x_wconf 89' lang='lat' dir='ltr'><strong>suppositum</strong></span> <span class='ocrx_word' id='word_1_153' title='bbox 1306 2729 1506 2796; x_wconf 82' lang='lat' dir='ltr'><strong>fuisse</strong></span> <span class='ocrx_word' id='word_1_154' title='bbox 1539 2723 1985 2815; x_wconf 81' lang='lat' dir='ltr'><strong>praepropera</strong></span> <span class='ocrx_word' id='word_1_155' title='bbox 2019 2730 2436 2798; x_wconf 89' lang='lat' dir='ltr'><strong>festinatione</strong></span> <span class='ocrx_word' id='word_1_156' title='bbox 2479 2732 2767 2798; x_wconf 88' lang='lat' dir='ltr'><strong>iudicare</strong></span> <span class='ocrx_word' id='word_1_157' title='bbox 2787 2734 2843 2818; x_wconf 75' lang='lat'><strong>⁵)</strong></span> 
     </span>
     <span class='ocr_line' id='line_1_21' title="bbox 586 2841 1956 2928; baseline -0.004 -19"><span class='ocrx_word' id='word_1_158' title='bbox 586 2863 785 2909; x_wconf 87' lang='lat' dir='ltr'><strong>ausus</strong></span> <span class='ocrx_word' id='word_1_159' title='bbox 833 2841 936 2907; x_wconf 89' lang='lat' dir='ltr'><strong>sit.</strong></span> <span class='ocrx_word' id='word_1_160' title='bbox 1717 2925 1720 2928; x_wconf 77' lang='lat'>.</span> <span class='ocrx_word' id='word_1_161' title='bbox 1952 2847 1956 2852; x_wconf 85' lang='lat'>&#39;</span> 
     </span>
    </p>

    <p class='ocr_par' dir='ltr' id='par_1_3' title="bbox 585 2953 2851 3492">
     <span class='ocr_line' id='line_1_22' title="bbox 759 2953 2849 3043; baseline 0.003 -25"><span class='ocrx_word' id='word_1_162' title='bbox 759 2953 1143 3020; x_wconf 90' lang='lat' dir='ltr'><strong>Iamdudum</strong></span> <span class='ocrx_word' id='word_1_163' title='bbox 1205 2956 1572 3039; x_wconf 91' lang='lat' dir='ltr'><strong>suspicatus</strong></span> <span class='ocrx_word' id='word_1_164' title='bbox 1619 2977 1827 3038; x_wconf 88' lang='lat' dir='ltr'><strong>eram,</strong></span> <span class='ocrx_word' id='word_1_165' title='bbox 1872 2955 2247 3023; x_wconf 88' lang='lat' dir='ltr'><strong>foedissima</strong></span> <span class='ocrx_word' id='word_1_166' title='bbox 2281 2958 2456 3039; x_wconf 88' lang='lat' dir='ltr'><strong>vitia,</strong></span> <span class='ocrx_word' id='word_1_167' title='bbox 2500 2958 2570 3023; x_wconf 90' lang='lat' dir='ltr'><strong>in</strong></span> <span class='ocrx_word' id='word_1_168' title='bbox 2615 2957 2849 3043; x_wconf 89' lang='lat' dir='ltr'><strong>quibus</strong></span> 
     </span>
     <span class='ocr_line' id='line_1_23' title="bbox 587 3066 2850 3154; baseline 0.002 -23"><span class='ocrx_word' id='word_1_169' title='bbox 587 3066 960 3151; x_wconf 88' lang='lat' dir='ltr'><strong>Registrum</strong></span> <span class='ocrx_word' id='word_1_170' title='bbox 1002 3067 1294 3151; x_wconf 89' lang='lat' dir='ltr'><strong>legentes</strong></span> <span class='ocrx_word' id='word_1_171' title='bbox 1341 3067 1757 3150; x_wconf 80' lang='lat' dir='ltr'><strong>offendimuS,</strong></span> <span class='ocrx_word' id='word_1_172' title='bbox 1803 3070 2012 3153; x_wconf 89' lang='lat' dir='ltr'><strong>magis</strong></span> <span class='ocrx_word' id='word_1_173' title='bbox 2054 3070 2122 3134; x_wconf 91' lang='lat' dir='ltr'><strong>in</strong></span> <span class='ocrx_word' id='word_1_174' title='bbox 2168 3068 2486 3151; x_wconf 91' lang='lat' dir='ltr'><strong>editores,</strong></span> <span class='ocrx_word' id='word_1_175' title='bbox 2544 3092 2739 3154; x_wconf 84' lang='lat' dir='ltr'><strong>quam</strong></span> <span class='ocrx_word' id='word_1_176' title='bbox 2780 3072 2850 3137; x_wconf 91' lang='lat' dir='ltr'><strong>in</strong></span> 
     </span>
     <span class='ocr_line' id='line_1_24' title="bbox 585 3161 2849 3265; baseline 0.002 -21"><span class='ocrx_word' id='word_1_177' title='bbox 585 3179 801 3263; x_wconf 78' lang='lat' dir='ltr'><strong>ipsum</strong></span> <span class='ocrx_word' id='word_1_178' title='bbox 866 3200 1029 3262; x_wconf 91' lang='lat' dir='ltr'><strong>opus</strong></span> <span class='ocrx_word' id='word_1_179' title='bbox 1082 3178 1348 3245; x_wconf 88' lang='lat' dir='ltr'><strong>cadere.</strong></span> <span class='ocrx_word' id='word_1_180' title='bbox 1474 3181 1653 3258; x_wconf 84' lang='lat' dir='ltr'><strong>Quae</strong></span> <span class='ocrx_word' id='word_1_181' title='bbox 1699 3161 1916 3265; x_wconf 88' lang='lat' dir='ltr'><strong>opinio</strong></span> <span class='ocrx_word' id='word_1_182' title='bbox 1977 3183 2236 3247; x_wconf 90' lang='lat' dir='ltr'><strong>omnino</strong></span> <span class='ocrx_word' id='word_1_183' title='bbox 2297 3180 2682 3248; x_wconf 87' lang='lat' dir='ltr'><strong>confirmata</strong></span> <span class='ocrx_word' id='word_1_184' title='bbox 2728 3187 2849 3264; x_wconf 91' lang='lat' dir='ltr'><strong>est,</strong></span> 
     </span>
     <span class='ocr_line' id='line_1_25' title="bbox 591 3292 2851 3399; baseline 0.001 -42"><span class='ocrx_word' id='word_1_185' title='bbox 591 3299 736 3357; x_wconf 81' lang='lat' dir='ltr'><strong>cum</strong></span> <span class='ocrx_word' id='word_1_186' title='bbox 779 3295 934 3358; x_wconf 89' lang='lat' dir='ltr'><strong>ante</strong></span> <span class='ocrx_word' id='word_1_187' title='bbox 978 3293 1097 3358; x_wconf 90' lang='lat' dir='ltr'><strong>hos</strong></span> <span class='ocrx_word' id='word_1_188' title='bbox 1135 3292 1627 3375; x_wconf 88' lang='lat' dir='ltr'><strong>quatuordecim</strong></span> <span class='ocrx_word' id='word_1_189' title='bbox 1663 3315 1871 3360; x_wconf 89' lang='lat' dir='ltr'><strong>annos</strong></span> <span class='ocrx_word' id='word_1_190' title='bbox 1895 3294 2140 3372; x_wconf 83' lang='lat' dir='ltr'><strong>Romae</strong></span> <span class='ocrx_word' id='word_1_191' title='bbox 2163 3295 2324 3366; x_wconf 20' lang='lat' dir='ltr'><strong>mihi,</strong></span> <span class='ocrx_word' id='word_1_192' title='bbox 2342 3295 2851 3399; x_wconf 50' lang='lat' dir='ltr'><strong>vetusqssimum</strong></span> 
     </span>
     <span class='ocr_line' id='line_1_26' title="bbox 590 3403 2851 3492; baseline 0.001 -22"><span class='ocrx_word' id='word_1_193' title='bbox 590 3404 881 3471; x_wconf 90' lang='lat' dir='ltr'><strong>codicem</strong></span> <span class='ocrx_word' id='word_1_194' title='bbox 923 3404 1231 3472; x_wconf 87' lang='lat' dir='ltr'><strong>tabularii</strong></span> <span class='ocrx_word' id='word_1_195' title='bbox 1273 3405 1574 3471; x_wconf 89' lang='lat' dir='ltr'><strong>Vaticani</strong></span> <span class='ocrx_word' id='word_1_196' title='bbox 1631 3406 1815 3472; x_wconf 87' lang='lat' dir='ltr'><strong>adire</strong></span> <span class='ocrx_word' id='word_1_197' title='bbox 1874 3406 2119 3471; x_wconf 91' lang='lat' dir='ltr'><strong>liceret.</strong></span> <span class='ocrx_word' id='word_1_198' title='bbox 2223 3405 2397 3473; x_wconf 89' lang='lat' dir='ltr'><strong>Nihil</strong></span> <span class='ocrx_word' id='word_1_199' title='bbox 2437 3403 2637 3492; x_wconf 89' lang='lat' dir='ltr'><strong>igitur</strong></span> <span class='ocrx_word' id='word_1_200' title='bbox 2682 3409 2851 3474; x_wconf 88' lang='lat' dir='ltr'><strong>anti-</strong></span> 
     </span>
    </p>
   </div>
   <div class='ocr_carea' id='block_1_2' title="bbox 615 3574 845 3583">
    <p class='ocr_par' dir='ltr' id='par_1_4' title="bbox 615 3574 845 3583">
     <span class='ocr_line' id='line_1_27' title="bbox 615 3574 845 3583; baseline 0 1676"><span class='ocrx_word' id='word_1_201' title='bbox 615 3574 845 3583; x_wconf 95' lang='lat' dir='ltr'><strong> </strong></span> 
     </span>
    </p>
   </div>
   <div class='ocr_carea' id='block_1_3' title="bbox 864 3576 1081 3581">
    <p class='ocr_par' dir='ltr' id='par_1_5' title="bbox 864 3576 1081 3581">
     <span class='ocr_line' id='line_1_28' title="bbox 864 3576 1081 3581; baseline 0 0"><span class='ocrx_word' id='word_1_202' title='bbox 864 3576 1081 3581; x_wconf 95' lang='lat' dir='ltr'><strong> </strong></span> 
     </span>
    </p>
   </div>
   <div class='ocr_carea' id='block_1_4' title="bbox 626 3669 2854 4512">
    <p class='ocr_par' dir='ltr' id='par_1_6' title="bbox 626 3669 2854 4032">
     <span class='ocr_line' id='line_1_29' title="bbox 626 3669 2853 3746; baseline 0.004 -21"><span class='ocrx_word' id='word_1_203' title='bbox 626 3673 684 3740; x_wconf 84' lang='lat'><strong>5)</strong></span> <span class='ocrx_word' id='word_1_204' title='bbox 721 3669 782 3727; x_wconf 78' lang='lat' dir='ltr'><strong>G.</strong></span> <span class='ocrx_word' id='word_1_205' title='bbox 820 3672 1175 3729; x_wconf 80' lang='lat' dir='ltr'><strong>Cassandrum</strong></span> <span class='ocrx_word' id='word_1_206' title='bbox 1207 3674 1324 3730; x_wconf 90' lang='lat' dir='ltr'><strong>dico</strong></span> <span class='ocrx_word' id='word_1_207' title='bbox 1338 3716 1352 3743; x_wconf 96' lang='lat'><strong>,</strong></span> <span class='ocrx_word' id='word_1_208' title='bbox 1397 3675 1545 3730; x_wconf 91' lang='lat' dir='ltr'><strong>cuius</strong></span> <span class='ocrx_word' id='word_1_209' title='bbox 1582 3676 1797 3731; x_wconf 91' lang='lat' dir='ltr'><strong>nomine</strong></span> <span class='ocrx_word' id='word_1_210' title='bbox 1834 3674 1893 3730; x_wconf 88' lang='lat' dir='ltr'><strong>C.</strong></span> <span class='ocrx_word' id='word_1_211' title='bbox 1940 3674 2230 3730; x_wconf 86' lang='lat' dir='ltr'><strong>Ellendorf</strong></span> <span class='ocrx_word' id='word_1_212' title='bbox 2265 3677 2435 3733; x_wconf 84' lang='lat' dir='ltr'><strong>latere</strong></span> <span class='ocrx_word' id='word_1_213' title='bbox 2478 3683 2717 3746; x_wconf 85' lang='lat' dir='ltr'><strong>putatur.</strong></span> <span class='ocrx_word' id='word_1_214' title='bbox 2787 3678 2853 3733; x_wconf 91' lang='lat' dir='ltr'><strong>In</strong></span> 
     </span>
     <span class='ocr_line' id='line_1_30' title="bbox 726 3769 2853 3843; baseline 0.003 -20"><span class='ocrx_word' id='word_1_215' title='bbox 726 3769 932 3838; x_wconf 92' lang='lat' dir='ltr'><strong>libe110,</strong></span> <span class='ocrx_word' id='word_1_216' title='bbox 991 3770 1080 3838; x_wconf 91' lang='lat' dir='ltr'><strong>qui</strong></span> <span class='ocrx_word' id='word_1_217' title='bbox 1134 3769 1465 3825; x_wconf 87' lang='lat' dir='ltr'><strong>inscribitur:</strong></span> <span class='ocrx_word' id='word_1_218' title='bbox 1513 3769 1626 3825; x_wconf 86' lang='lat' dir='ltr'><strong>Das</strong></span> <span class='ocrx_word' id='word_1_219' title='bbox 1674 3771 1936 3826; x_wconf 83' lang='lat' dir='ltr'><strong>Zeitalter</strong></span> <span class='ocrx_word' id='word_1_220' title='bbox 1979 3770 2337 3826; x_wconf 84' lang='lat' dir='ltr'><strong>Hildebrands</strong></span> <span class='ocrx_word' id='word_1_221' title='bbox 2383 3771 2472 3827; x_wconf 76' lang='lat' dir='ltr'><strong>fiir</strong></span> <span class='ocrx_word' id='word_1_222' title='bbox 2522 3772 2632 3828; x_wconf 88' lang='lat' dir='ltr'><strong>und</strong></span> <span class='ocrx_word' id='word_1_223' title='bbox 2678 3790 2853 3843; x_wconf 85' lang='lat' dir='ltr'><strong>gegen</strong></span> 
     </span>
     <span class='ocr_line' id='line_1_31' title="bbox 725 3864 2849 3938; baseline 0.001 -19"><span class='ocrx_word' id='word_1_224' title='bbox 725 3864 819 3919; x_wconf 88' lang='lat' dir='ltr'><strong>ihn</strong></span> <span class='ocrx_word' id='word_1_225' title='bbox 872 3864 1212 3929; x_wconf 82' lang='lat' dir='ltr'><strong>(Darmstadt</strong></span> <span class='ocrx_word' id='word_1_226' title='bbox 1275 3867 1434 3933; x_wconf 82' lang='lat'>1842)</span> <span class='ocrx_word' id='word_1_227' title='bbox 1487 3864 1688 3921; x_wconf 90' lang='lat' dir='ltr'><strong>multus</strong></span> <span class='ocrx_word' id='word_1_228' title='bbox 1745 3873 1829 3922; x_wconf 89' lang='lat' dir='ltr'><strong>est</strong></span> <span class='ocrx_word' id='word_1_229' title='bbox 1887 3866 1954 3922; x_wconf 89' lang='lat' dir='ltr'><strong>de</strong></span> <span class='ocrx_word' id='word_1_230' title='bbox 2004 3865 2111 3922; x_wconf 89' lang='lat' dir='ltr'><strong>fide</strong></span> <span class='ocrx_word' id='word_1_231' title='bbox 2170 3866 2409 3938; x_wconf 87' lang='lat' dir='ltr'><strong>Registri</strong></span> <span class='ocrx_word' id='word_1_232' title='bbox 2458 3867 2849 3924; x_wconf 83' lang='lat' dir='ltr'><strong>labefactanda.</strong></span> 
     </span>
     <span class='ocr_line' id='line_1_32' title="bbox 727 3960 2854 4032; baseline 0.003 -19"><span class='ocrx_word' id='word_1_233' title='bbox 727 3960 1020 4029; x_wconf 85' lang='lat' dir='ltr'><strong>Pleraque,</strong></span> <span class='ocrx_word' id='word_1_234' title='bbox 1055 3975 1191 4029; x_wconf 90' lang='lat' dir='ltr'><strong>quae</strong></span> <span class='ocrx_word' id='word_1_235' title='bbox 1234 3967 1546 4029; x_wconf 85' lang='lat' dir='ltr'><strong>argumento</strong></span> <span class='ocrx_word' id='word_1_236' title='bbox 1593 3960 1773 4032; x_wconf 79' lang='lat' dir='ltr'><strong>affert,</strong></span> <span class='ocrx_word' id='word_1_237' title='bbox 1826 3962 2078 4017; x_wconf 88' lang='lat' dir='ltr'><strong>levissimi</strong></span> <span class='ocrx_word' id='word_1_238' title='bbox 2132 3967 2257 4017; x_wconf 86' lang='lat' dir='ltr'><strong>sunt</strong></span> <span class='ocrx_word' id='word_1_239' title='bbox 2298 3961 2575 4031; x_wconf 81' lang='lat' dir='ltr'><strong>ponderis3</strong></span> <span class='ocrx_word' id='word_1_240' title='bbox 2619 3964 2854 4031; x_wconf 91' lang='lat' dir='ltr'><strong>speciem</strong></span> 
     </span>
    </p>

    <p class='ocr_par' dir='ltr' id='par_1_7' title="bbox 650 4055 2854 4512">
     <span class='ocr_line' id='line_1_33' title="bbox 650 4055 2854 4132; baseline 0.003 -25"><span class='ocrx_word' id='word_1_241' title='bbox 650 4069 653 4072; x_wconf 62' lang='grc'><em>“</em></span> <span class='ocrx_word' id='word_1_242' title='bbox 727 4069 855 4108; x_wconf 87' lang='lat' dir='ltr'><strong>vero</strong></span> <span class='ocrx_word' id='word_1_243' title='bbox 892 4056 1156 4123; x_wconf 86' lang='lat' dir='ltr'><strong>quandam</strong></span> <span class='ocrx_word' id='word_1_244' title='bbox 1197 4056 1441 4111; x_wconf 89' lang='lat' dir='ltr'><strong>veritatis</strong></span> <span class='ocrx_word' id='word_1_245' title='bbox 1488 4072 1618 4124; x_wconf 87' lang='lat' dir='ltr'><strong>prae</strong></span> <span class='ocrx_word' id='word_1_246' title='bbox 1656 4072 1715 4110; x_wconf 91' lang='lat' dir='ltr'><strong>se</strong></span> <span class='ocrx_word' id='word_1_247' title='bbox 1758 4055 1954 4132; x_wconf 85' lang='lat' dir='ltr'><strong>ferunt</strong></span> <span class='ocrx_word' id='word_1_248' title='bbox 1996 4072 2089 4126; x_wconf 84' lang='lat' dir='ltr'><strong>ea,</strong></span> <span class='ocrx_word' id='word_1_249' title='bbox 2143 4073 2284 4125; x_wconf 91' lang='lat' dir='ltr'><strong>quae</strong></span> <span class='ocrx_word' id='word_1_250' title='bbox 2339 4057 2406 4111; x_wconf 87' lang='lat' dir='ltr'><strong>ad</strong></span> <span class='ocrx_word' id='word_1_251' title='bbox 2450 4057 2854 4127; x_wconf 83' lang='lat' dir='ltr'><strong>chronologicas</strong></span> 
     </span>
     <span class='ocr_line' id='line_1_34' title="bbox 728 4150 2853 4223; baseline 0.003 -19"><span class='ocrx_word' id='word_1_252' title='bbox 728 4155 886 4205; x_wconf 79' lang='lat' dir='ltr'><strong>notas</strong></span> <span class='ocrx_word' id='word_1_253' title='bbox 941 4157 1202 4218; x_wconf 87' lang='lat' dir='ltr'><strong>spectant.</strong></span> <span class='ocrx_word' id='word_1_254' title='bbox 1273 4150 1461 4219; x_wconf 86' lang='lat' dir='ltr'><strong>Itaque</strong></span> <span class='ocrx_word' id='word_1_255' title='bbox 1519 4151 1749 4206; x_wconf 85' lang='lat' dir='ltr'><strong>alienum</strong></span> <span class='ocrx_word' id='word_1_256' title='bbox 1807 4168 1917 4206; x_wconf 91' lang='lat' dir='ltr'><strong>non</strong></span> <span class='ocrx_word' id='word_1_257' title='bbox 1974 4158 2107 4220; x_wconf 88' lang='lat' dir='ltr'><strong>puto</strong></span> <span class='ocrx_word' id='word_1_258' title='bbox 2166 4167 2607 4223; x_wconf 85' lang='lat' dir='ltr'><strong>commemorare,</strong></span> <span class='ocrx_word' id='word_1_259' title='bbox 2671 4169 2853 4210; x_wconf 87' lang='lat' dir='ltr'><strong>omnes</strong></span> 
     </span>
     <span class='ocr_line' id='line_1_35' title="bbox 727 4242 2854 4315; baseline 0.003 -17"><span class='ocrx_word' id='word_1_260' title='bbox 727 4242 843 4299; x_wconf 85' lang='lat' dir='ltr'><strong>fere</strong></span> <span class='ocrx_word' id='word_1_261' title='bbox 910 4245 1168 4301; x_wconf 88' lang='lat' dir='ltr'><strong>lectiones</strong></span> <span class='ocrx_word' id='word_1_262' title='bbox 1181 4288 1194 4315; x_wconf 95' lang='lat'><strong>,</strong></span> <span class='ocrx_word' id='word_1_263' title='bbox 1269 4246 1461 4314; x_wconf 91' lang='lat' dir='ltr'><strong>quibus</strong></span> <span class='ocrx_word' id='word_1_264' title='bbox 1519 4247 1671 4314; x_wconf 81' lang='lat' dir='ltr'><strong>quasi</strong></span> <span class='ocrx_word' id='word_1_265' title='bbox 1741 4246 2086 4302; x_wconf 83' lang='lat' dir='ltr'><strong>fundamento</strong></span> <span class='ocrx_word' id='word_1_266' title='bbox 2140 4262 2238 4302; x_wconf 89' lang='lat' dir='ltr'><strong>suo</strong></span> <span class='ocrx_word' id='word_1_267' title='bbox 2298 4249 2686 4315; x_wconf 82' lang='lat' dir='ltr'><strong>argumentatio</strong></span> <span class='ocrx_word' id='word_1_268' title='bbox 2746 4249 2854 4304; x_wconf 84' lang='lat' dir='ltr'><strong>ista</strong></span> 
     </span>
     <span class='ocr_line' id='line_1_36' title="bbox 726 4325 2853 4415; baseline 0.004 -22"><span class='ocrx_word' id='word_1_269' title='bbox 726 4339 946 4410; x_wconf 84' lang='lat' dir='ltr'><strong>nitatur,</strong></span> <span class='ocrx_word' id='word_1_270' title='bbox 976 4357 1085 4398; x_wconf 90' lang='lat' dir='ltr'><strong>non</strong></span> <span class='ocrx_word' id='word_1_271' title='bbox 1117 4342 1372 4402; x_wconf 84' lang='lat' dir='ltr'><strong>librorum</strong></span> <span class='ocrx_word' id='word_1_272' title='bbox 1405 4325 1730 4415; x_wconf 83' lang='lat' dir='ltr'><strong>scriptorum</strong></span> <span class='ocrx_word' id='word_1_273' title='bbox 1766 4357 1913 4411; x_wconf 85' lang='lat' dir='ltr'><strong>esse,</strong></span> <span class='ocrx_word' id='word_1_274' title='bbox 1951 4340 2048 4396; x_wconf 87' lang='lat' dir='ltr'><strong>sed</strong></span> <span class='ocrx_word' id='word_1_275' title='bbox 2083 4342 2151 4396; x_wconf 86' lang='lat' dir='ltr'><strong>ab</strong></span> <span class='ocrx_word' id='word_1_276' title='bbox 2198 4340 2487 4397; x_wconf 85' lang='lat' dir='ltr'><strong>editoribus</strong></span> <span class='ocrx_word' id='word_1_277' title='bbox 2526 4341 2694 4399; x_wconf 84' lang='lat' dir='ltr'><strong>fuisse</strong></span> <span class='ocrx_word' id='word_1_278' title='bbox 2740 4360 2853 4400; x_wconf 89' lang='lat' dir='ltr'><strong>cor-</strong></span> 
     </span>
     <span class='ocr_line' id='line_1_37' title="bbox 725 4441 932 4512; baseline 0 -18"><span class='ocrx_word' id='word_1_279' title='bbox 725 4441 932 4512; x_wconf 79' lang='lat' dir='ltr'><strong>ruptas.</strong></span> 
     </span>
    </p>
   </div>
  </div>
 </body>
</html>
