<?xml version="1.0" encoding="UTF-8"?>
<!DOCTYPE html PUBLIC "-//W3C//DTD XHTML 1.0 Transitional//EN"
    "http://www.w3.org/TR/xhtml1/DTD/xhtml1-transitional.dtd">
<html xmlns="http://www.w3.org/1999/xhtml" xml:lang="en" lang="en">
 <head>
  <title>
</title>
<meta http-equiv="Content-Type" content="text/html;charset=utf-8" />
  <meta name='ocr-system' content='tesseract 3.04.00' />
  <meta name='ocr-capabilities' content='ocr_page ocr_carea ocr_par ocr_line ocrx_word'/>
</head>
<body>
  <div class='ocr_page' id='page_1' title='image "./degregoriiviire00giesgoog_0027.png"; bbox 0 0 3371 5259; ppageno 0'>
   <div class='ocr_carea' id='block_1_1' title="bbox 498 690 752 871">
    <p class='ocr_par' dir='ltr' id='par_1_1' title="bbox 498 690 752 871">
     <span class='ocr_line' id='line_1_1' title="bbox 514 690 742 733; baseline 0.009 -4"><span class='ocrx_word' id='word_1_1' title='bbox 514 690 742 733; x_wconf 71' lang='lat' dir='ltr'><strong>Editionis</strong></span> 
     </span>
     <span class='ocr_line' id='line_1_2' title="bbox 498 760 752 800; baseline 0.004 -1"><span class='ocrx_word' id='word_1_2' title='bbox 498 760 752 800; x_wconf 62' lang='lat' dir='ltr'><strong>nausiante</strong></span> 
     </span>
     <span class='ocr_line' id='line_1_3' title="bbox 555 829 696 871; baseline 0.021 -4"><span class='ocrx_word' id='word_1_3' title='bbox 555 829 696 871; x_wconf 80' lang='lat' dir='ltr'><strong>locus.</strong></span> 
     </span>
    </p>
   </div>
   <div class='ocr_carea' id='block_1_2' title="bbox 464 916 692 1157">
    <p class='ocr_par' dir='ltr' id='par_1_2' title="bbox 464 916 692 1157">
     <span class='ocr_line' id='line_1_4' title="bbox 467 916 692 968; baseline 0.009 -2"><span class='ocrx_word' id='word_1_4' title='bbox 467 916 585 968; x_wconf 79' lang='lat'><strong>254.</strong></span> <span class='ocrx_word' id='word_1_5' title='bbox 626 919 692 968; x_wconf 79' lang='lat' dir='ltr'><strong>A.</strong></span> 
     </span>
     <span class='ocr_line' id='line_1_5' title="bbox 464 1106 685 1157; baseline 0.005 -2"><span class='ocrx_word' id='word_1_6' title='bbox 464 1107 583 1157; x_wconf 78' lang='grc'><strong>254.</strong></span> <span class='ocrx_word' id='word_1_7' title='bbox 619 1106 685 1156; x_wconf 90' lang='grc' dir='ltr'><strong>Β.</strong></span> 
     </span>
    </p>
   </div>
   <div class='ocr_carea' id='block_1_3' title="bbox 462 1295 680 1349">
    <p class='ocr_par' dir='ltr' id='par_1_3' title="bbox 462 1295 680 1349">
     <span class='ocr_line' id='line_1_6' title="bbox 462 1295 680 1349; baseline 0.023 -5"><span class='ocrx_word' id='word_1_8' title='bbox 462 1295 580 1346; x_wconf 82' lang='grc'><strong>254.</strong></span> <span class='ocrx_word' id='word_1_9' title='bbox 622 1295 680 1349; x_wconf 90' lang='grc' dir='ltr'><strong>Β.</strong></span> 
     </span>
    </p>
   </div>
   <div class='ocr_carea' id='block_1_4' title="bbox 460 1398 723 1540">
    <p class='ocr_par' dir='ltr' id='par_1_4' title="bbox 460 1398 723 1540">
     <span class='ocr_line' id='line_1_7' title="bbox 460 1398 723 1540; baseline -0.03 0"><span class='ocrx_word' id='word_1_10' title='bbox 460 1400 581 1540; x_wconf 73' lang='grc' dir='ltr'><strong>Ξὲἓῑ</strong></span> <span class='ocrx_word' id='word_1_11' title='bbox 610 1398 723 1540; x_wconf 63' lang='lat'><em>1¹35}</em></span> 
     </span>
    </p>
   </div>
   <div class='ocr_carea' id='block_1_5' title="bbox 457 1591 682 1940">
    <p class='ocr_par' dir='ltr' id='par_1_5' title="bbox 457 1591 682 1940">
     <span class='ocr_line' id='line_1_8' title="bbox 460 1591 682 1644; baseline 0.009 -3"><span class='ocrx_word' id='word_1_12' title='bbox 460 1591 578 1644; x_wconf 78' lang='grc'><strong>256.</strong></span> <span class='ocrx_word' id='word_1_13' title='bbox 614 1592 682 1643; x_wconf 89' lang='lat' dir='ltr'><strong>D.</strong></span> 
     </span>
     <span class='ocr_line' id='line_1_9' title="bbox 457 1784 677 1835; baseline 0.009 -2"><span class='ocrx_word' id='word_1_14' title='bbox 457 1784 574 1834; x_wconf 74' lang='lat'><strong>257.</strong></span> <span class='ocrx_word' id='word_1_15' title='bbox 610 1784 677 1835; x_wconf 79' lang='lat' dir='ltr'><strong>A.</strong></span> 
     </span>
     <span class='ocr_line' id='line_1_10' title="bbox 460 1886 679 1940; baseline 0.018 -5"><span class='ocrx_word' id='word_1_16' title='bbox 460 1886 577 1937; x_wconf 72' lang='lat'><strong>⁸257.</strong></span> <span class='ocrx_word' id='word_1_17' title='bbox 618 1887 679 1940; x_wconf 71' lang='lat' dir='ltr'><strong>E.</strong></span> 
     </span>
    </p>
   </div>
   <div class='ocr_carea' id='block_1_6' title="bbox 455 2164 672 2217">
    <p class='ocr_par' dir='ltr' id='par_1_6' title="bbox 455 2164 672 2217">
     <span class='ocr_line' id='line_1_11' title="bbox 455 2164 672 2217; baseline 0.014 -3"><span class='ocrx_word' id='word_1_18' title='bbox 455 2164 571 2215; x_wconf 73' lang='lat'><strong>258.</strong></span> <span class='ocrx_word' id='word_1_19' title='bbox 609 2164 672 2217; x_wconf 84' lang='grc' dir='ltr'><strong>Ο.</strong></span> 
     </span>
    </p>
   </div>
   <div class='ocr_carea' id='block_1_7' title="bbox 452 2354 750 2408">
    <p class='ocr_par' dir='ltr' id='par_1_7' title="bbox 452 2354 750 2408">
     <span class='ocr_line' id='line_1_12' title="bbox 452 2354 750 2408; baseline 0.003 -3"><span class='ocrx_word' id='word_1_20' title='bbox 452 2354 566 2408; x_wconf 71' lang='lat'><strong>258.</strong></span> <span class='ocrx_word' id='word_1_21' title='bbox 602 2356 671 2406; x_wconf 91' lang='lat' dir='ltr'><strong>D.</strong></span> <span class='ocrx_word' id='word_1_22' title='bbox 746 2390 750 2395; x_wconf 80' lang='lat'><em>-</em></span> 
     </span>
    </p>
   </div>
   <div class='ocr_carea' id='block_1_8' title="bbox 447 2460 677 2925">
    <p class='ocr_par' dir='ltr' id='par_1_8' title="bbox 447 2460 677 2925">
     <span class='ocr_line' id='line_1_13' title="bbox 452 2460 677 2511; baseline 0.013 -3"><span class='ocrx_word' id='word_1_23' title='bbox 452 2460 569 2511; x_wconf 90' lang='grc'><strong>260.</strong></span> <span class='ocrx_word' id='word_1_24' title='bbox 612 2461 677 2511; x_wconf 79' lang='grc' dir='ltr'><strong>Α.</strong></span> 
     </span>
     <span class='ocr_line' id='line_1_14' title="bbox 449 2563 673 2618; baseline -0.004 -6"><span class='ocrx_word' id='word_1_25' title='bbox 449 2563 570 2618; x_wconf 85' lang='grc'><strong>261.</strong></span> <span class='ocrx_word' id='word_1_26' title='bbox 610 2566 673 2613; x_wconf 84' lang='grc' dir='ltr'><strong>Α.</strong></span> 
     </span>
     <span class='ocr_line' id='line_1_15' title="bbox 447 2667 565 2718; baseline 0 -1"><span class='ocrx_word' id='word_1_27' title='bbox 447 2667 565 2718; x_wconf 85' lang='grc'><strong>261.</strong></span> 
     </span>
     <span class='ocr_line' id='line_1_16' title="bbox 452 2771 569 2822; baseline 0.017 -2"><span class='ocrx_word' id='word_1_28' title='bbox 452 2771 569 2822; x_wconf 88' lang='grc'><strong>261.</strong></span> 
     </span>
     <span class='ocr_line' id='line_1_17' title="bbox 447 2874 567 2925; baseline 0.017 -2"><span class='ocrx_word' id='word_1_29' title='bbox 447 2874 567 2925; x_wconf 83' lang='grc'><strong>261.</strong></span> 
     </span>
    </p>
   </div>
   <div class='ocr_carea' id='block_1_9' title="bbox 602 2672 671 2926">
    <p class='ocr_par' dir='ltr' id='par_1_9' title="bbox 602 2672 671 2926">
     <span class='ocr_line' id='line_1_18' title="bbox 602 2672 671 2926; textangle 90"><span class='ocrx_word' id='word_1_30' title='bbox 602 2672 671 2926; x_wconf 60' lang='lat'><strong>370?</strong></span> 
     </span>
    </p>
   </div>
   <div class='ocr_carea' id='block_1_10' title="bbox 446 3062 667 3323">
    <p class='ocr_par' dir='ltr' id='par_1_10' title="bbox 446 3062 667 3323">
     <span class='ocr_line' id='line_1_19' title="bbox 447 3062 664 3113; baseline 0 -2"><span class='ocrx_word' id='word_1_31' title='bbox 447 3062 563 3113; x_wconf 85' lang='grc'><strong>261.</strong></span> <span class='ocrx_word' id='word_1_32' title='bbox 601 3063 664 3112; x_wconf 85' lang='grc' dir='ltr'><strong>Ε.</strong></span> 
     </span>
     <span class='ocr_line' id='line_1_20' title="bbox 447 3165 662 3216; baseline -0.009 0"><span class='ocrx_word' id='word_1_33' title='bbox 447 3167 562 3216; x_wconf 81' lang='grc'><strong>262.</strong></span> <span class='ocrx_word' id='word_1_34' title='bbox 597 3165 662 3216; x_wconf 91' lang='grc' dir='ltr'><strong>Β.</strong></span> 
     </span>
     <span class='ocr_line' id='line_1_21' title="bbox 446 3268 667 3323; baseline 0 -3"><span class='ocrx_word' id='word_1_35' title='bbox 446 3268 562 3320; x_wconf 79' lang='grc'><strong>264.</strong></span> <span class='ocrx_word' id='word_1_36' title='bbox 600 3271 667 3323; x_wconf 91' lang='lat' dir='ltr'><strong>A.</strong></span> 
     </span>
    </p>
   </div>
   <div class='ocr_carea' id='block_1_11' title="bbox 444 3437 742 3510">
    <p class='ocr_par' dir='ltr' id='par_1_11' title="bbox 444 3437 742 3510">
     <span class='ocr_line' id='line_1_22' title="bbox 444 3437 742 3510; baseline 0.007 -2"><span class='ocrx_word' id='word_1_37' title='bbox 444 3456 561 3510; x_wconf 76' lang='lat'><strong>26⁵.</strong></span> <span class='ocrx_word' id='word_1_38' title='bbox 597 3459 668 3510; x_wconf 83' lang='lat' dir='ltr'><strong>n.</strong></span> <span class='ocrx_word' id='word_1_39' title='bbox 733 3437 742 3451; x_wconf 86' lang='lat'><strong><em>&#39;</em></strong></span> 
     </span>
    </p>
   </div>
   <div class='ocr_carea' id='block_1_12' title="bbox 443 3578 663 3631">
    <p class='ocr_par' dir='ltr' id='par_1_12' title="bbox 443 3578 663 3631">
     <span class='ocr_line' id='line_1_23' title="bbox 443 3578 663 3631; baseline -0.005 -4"><span class='ocrx_word' id='word_1_40' title='bbox 443 3578 560 3631; x_wconf 93' lang='grc'><strong>266.</strong></span> <span class='ocrx_word' id='word_1_41' title='bbox 597 3580 663 3628; x_wconf 80' lang='grc' dir='ltr'><strong>Α.</strong></span> 
     </span>
    </p>
   </div>
   <div class='ocr_carea' id='block_1_13' title="bbox 402 3731 661 4130">
    <p class='ocr_par' dir='ltr' id='par_1_13' title="bbox 402 3731 661 4130">
     <span class='ocr_line' id='line_1_24' title="bbox 402 3731 655 3817; baseline 0.004 -1"><span class='ocrx_word' id='word_1_42' title='bbox 402 3731 557 3817; x_wconf 61' lang='lat' dir='ltr'><strong>&#39;eea</strong></span> <span class='ocrx_word' id='word_1_43' title='bbox 597 3763 655 3817; x_wconf 77' lang='lat' dir='ltr'><strong>o,</strong></span> 
     </span>
     <span class='ocr_line' id='line_1_25' title="bbox 440 3870 657 3923; baseline 0 -3"><span class='ocrx_word' id='word_1_44' title='bbox 440 3870 557 3922; x_wconf 68' lang='grc'><strong>266.</strong></span> <span class='ocrx_word' id='word_1_45' title='bbox 595 3871 657 3923; x_wconf 92' lang='lat' dir='ltr'><strong>c.</strong></span> 
     </span>
     <span class='ocr_line' id='line_1_26' title="bbox 438 3974 655 4025; baseline 0.005 -2"><span class='ocrx_word' id='word_1_46' title='bbox 438 3975 555 4025; x_wconf 67' lang='grc'><strong>266.</strong></span> <span class='ocrx_word' id='word_1_47' title='bbox 594 3974 655 4024; x_wconf 85' lang='lat' dir='ltr'><strong>B.</strong></span> 
     </span>
     <span class='ocr_line' id='line_1_27' title="bbox 439 4078 661 4130; baseline 0.005 -2"><span class='ocrx_word' id='word_1_48' title='bbox 439 4079 553 4130; x_wconf 81' lang='lat'><strong>269.</strong></span> <span class='ocrx_word' id='word_1_49' title='bbox 592 4078 661 4129; x_wconf 87' lang='lat' dir='ltr'><strong>D.</strong></span> 
     </span>
    </p>
   </div>
   <div class='ocr_carea' id='block_1_14' title="bbox 439 4199 664 4249">
    <p class='ocr_par' dir='ltr' id='par_1_14' title="bbox 439 4199 664 4249">
     <span class='ocr_line' id='line_1_28' title="bbox 439 4199 664 4249; baseline 0 0"><span class='ocrx_word' id='word_1_50' title='bbox 439 4201 558 4249; x_wconf 85' lang='grc'><strong>270.</strong></span> <span class='ocrx_word' id='word_1_51' title='bbox 595 4199 664 4249; x_wconf 92' lang='lat' dir='ltr'><strong>D.</strong></span> 
     </span>
    </p>
   </div>
   <div class='ocr_carea' id='block_1_15' title="bbox 439 4404 661 4457">
    <p class='ocr_par' dir='ltr' id='par_1_15' title="bbox 439 4404 661 4457">
     <span class='ocr_line' id='line_1_29' title="bbox 439 4404 661 4457; baseline 0.005 -1"><span class='ocrx_word' id='word_1_52' title='bbox 439 4404 558 4457; x_wconf 72' lang='lat'><strong>271.</strong></span> <span class='ocrx_word' id='word_1_53' title='bbox 593 4406 661 4457; x_wconf 75' lang='lat' dir='ltr'><strong>A.</strong></span> 
     </span>
    </p>
   </div>
   <div class='ocr_carea' id='block_1_16' title="bbox 1392 521 1813 582">
    <p class='ocr_par' dir='ltr' id='par_1_16' title="bbox 1392 521 1813 582">
     <span class='ocr_line' id='line_1_30' title="bbox 1392 521 1813 582; baseline -0.01 -15"><span class='ocrx_word' id='word_1_54' title='bbox 1392 521 1813 582; x_wconf 76' lang='lat'><strong>-23-</strong></span> 
     </span>
    </p>
   </div>
   <div class='ocr_carea' id='block_1_17' title="bbox 1196 744 1407 865">
    <p class='ocr_par' dir='ltr' id='par_1_17' title="bbox 1196 744 1407 865">
     <span class='ocr_line' id='line_1_31' title="bbox 1220 744 1373 783; baseline -0.007 0"><span class='ocrx_word' id='word_1_55' title='bbox 1220 744 1373 783; x_wconf 79' lang='lat' dir='ltr'><strong>Lectio</strong></span> 
     </span>
     <span class='ocr_line' id='line_1_32' title="bbox 1196 814 1407 865; baseline 0.009 -13"><span class='ocrx_word' id='word_1_56' title='bbox 1196 814 1407 865; x_wconf 65' lang='lat' dir='ltr'><strong>vulgaris.</strong></span> 
     </span>
    </p>
   </div>
   <div class='ocr_carea' id='block_1_18' title="bbox 842 908 2826 988">
    <p class='ocr_par' dir='ltr' id='par_1_18' title="bbox 842 908 2826 988">
     <span class='ocr_line' id='line_1_33' title="bbox 842 908 2826 988; baseline -0.006 -16"><span class='ocrx_word' id='word_1_57' title='bbox 842 918 960 987; x_wconf 85' lang='lat' dir='ltr'><strong>pati</strong></span> <span class='ocrx_word' id='word_1_58' title='bbox 992 925 1276 988; x_wconf 75' lang='lat' dir='ltr'><strong>nequeant,</strong></span> <span class='ocrx_word' id='word_1_59' title='bbox 1309 918 1406 975; x_wconf 88' lang='lat' dir='ltr'><strong>sed</strong></span> <span class='ocrx_word' id='word_1_60' title='bbox 1445 933 1546 974; x_wconf 92' lang='lat' dir='ltr'><strong>nec</strong></span> <span class='ocrx_word' id='word_1_61' title='bbox 1580 917 1741 973; x_wconf 83' lang='lat' dir='ltr'><strong>etiam</strong></span> <span class='ocrx_word' id='word_1_62' title='bbox 1827 913 1943 982; x_wconf 90' lang='lat' dir='ltr'><strong>pati</strong></span> <span class='ocrx_word' id='word_1_63' title='bbox 1975 917 2260 981; x_wconf 87' lang='lat' dir='ltr'><strong>nequeunt,</strong></span> <span class='ocrx_word' id='word_1_64' title='bbox 2296 908 2392 965; x_wconf 88' lang='lat' dir='ltr'><strong>sed</strong></span> <span class='ocrx_word' id='word_1_65' title='bbox 2423 924 2527 965; x_wconf 89' lang='lat' dir='ltr'><strong>nec</strong></span> <span class='ocrx_word' id='word_1_66' title='bbox 2563 908 2723 963; x_wconf 85' lang='lat' dir='ltr'><strong>etiam</strong></span> <span class='ocrx_word' id='word_1_67' title='bbox 2822 935 2826 940; x_wconf 94' lang='lat'><em>·</em></span> 
     </span>
    </p>
   </div>
   <div class='ocr_carea' id='block_1_19' title="bbox 840 1005 1698 1178">
    <p class='ocr_par' dir='ltr' id='par_1_19' title="bbox 840 1005 1698 1178">
     <span class='ocr_line' id='line_1_34' title="bbox 908 1005 1350 1074; baseline 0.002 -14"><span class='ocrx_word' id='word_1_68' title='bbox 908 1005 1089 1061; x_wconf 79' lang='lat' dir='ltr'><strong>videre</strong></span> <span class='ocrx_word' id='word_1_69' title='bbox 1122 1006 1350 1074; x_wconf 83' lang='lat' dir='ltr'><strong>possint.</strong></span> 
     </span>
     <span class='ocr_line' id='line_1_35' title="bbox 840 1108 1698 1178; baseline 0 -15"><span class='ocrx_word' id='word_1_70' title='bbox 840 1108 1091 1164; x_wconf 88' lang='lat' dir='ltr'><strong>miserere</strong></span> <span class='ocrx_word' id='word_1_71' title='bbox 1125 1109 1246 1177; x_wconf 89' lang='lat' dir='ltr'><strong>mei,</strong></span> <span class='ocrx_word' id='word_1_72' title='bbox 1280 1109 1524 1178; x_wconf 82' lang='lat' dir='ltr'><strong>Domine,</strong></span> <span class='ocrx_word' id='word_1_73' title='bbox 1560 1108 1698 1177; x_wconf 78' lang='lat' dir='ltr'><strong>quia-</strong></span> 
     </span>
    </p>
   </div>
   <div class='ocr_carea' id='block_1_20' title="bbox 834 1295 1457 1355">
    <p class='ocr_par' dir='ltr' id='par_1_20' title="bbox 834 1295 1457 1355">
     <span class='ocr_line' id='line_1_36' title="bbox 834 1295 1457 1355; baseline -0.003 -4"><span class='ocrx_word' id='word_1_74' title='bbox 834 1295 952 1353; x_wconf 83' lang='lat' dir='ltr'><strong>Nec</strong></span> <span class='ocrx_word' id='word_1_75' title='bbox 986 1297 1119 1352; x_wconf 90' lang='lat' dir='ltr'><strong>illud</strong></span> <span class='ocrx_word' id='word_1_76' title='bbox 1158 1297 1457 1355; x_wconf 83' lang='lat' dir='ltr'><strong>obliviscor.</strong></span> 
     </span>
    </p>
   </div>
   <div class='ocr_carea' id='block_1_21' title="bbox 832 1453 1582 1510">
    <p class='ocr_par' dir='ltr' id='par_1_21' title="bbox 832 1453 1582 1510">
     <span class='ocr_line' id='line_1_37' title="bbox 832 1453 1582 1510; baseline 0 -3"><span class='ocrx_word' id='word_1_77' title='bbox 832 1461 1019 1510; x_wconf 88' lang='lat' dir='ltr'><strong>noster</strong></span> <span class='ocrx_word' id='word_1_78' title='bbox 1051 1453 1277 1509; x_wconf 88' lang='lat' dir='ltr'><strong>Evetius</strong></span> <span class='ocrx_word' id='word_1_79' title='bbox 1311 1454 1582 1510; x_wconf 87' lang='lat' dir='ltr'><strong>Dolensis.</strong></span> 
     </span>
    </p>
   </div>
   <div class='ocr_carea' id='block_1_22' title="bbox 832 1590 1733 1733">
    <p class='ocr_par' dir='ltr' id='par_1_22' title="bbox 832 1590 1733 1733">
     <span class='ocr_line' id='line_1_38' title="bbox 832 1590 1733 1660; baseline 0 -14"><span class='ocrx_word' id='word_1_80' title='bbox 832 1599 1183 1660; x_wconf 78' lang='lat' dir='ltr'><strong>procurarent</strong></span> <span class='ocrx_word' id='word_1_81' title='bbox 1245 1593 1303 1647; x_wconf 89' lang='lat' dir='ltr'><strong>in</strong></span> <span class='ocrx_word' id='word_1_82' title='bbox 1370 1593 1578 1648; x_wconf 86' lang='lat' dir='ltr'><strong>irritum</strong></span> <span class='ocrx_word' id='word_1_83' title='bbox 1638 1590 1733 1648; x_wconf 88' lang='lat' dir='ltr'><strong>du-</strong></span> 
     </span>
     <span class='ocr_line' id='line_1_39' title="bbox 905 1693 1044 1733; baseline 0 -2"><span class='ocrx_word' id='word_1_84' title='bbox 905 1693 1044 1733; x_wconf 85' lang='lat' dir='ltr'><strong>cere.</strong></span> 
     </span>
    </p>
   </div>
   <div class='ocr_carea' id='block_1_23' title="bbox 834 1780 1537 1850">
    <p class='ocr_par' dir='ltr' id='par_1_23' title="bbox 834 1780 1537 1850">
     <span class='ocr_line' id='line_1_40' title="bbox 834 1780 1537 1850; baseline -0.003 -15"><span class='ocrx_word' id='word_1_85' title='bbox 834 1780 1052 1850; x_wconf 85' lang='lat' dir='ltr'><strong>Capuae</strong></span> <span class='ocrx_word' id='word_1_86' title='bbox 1087 1782 1346 1839; x_wconf 74' lang='lat' dir='ltr'><strong>Kalendis</strong></span> <span class='ocrx_word' id='word_1_87' title='bbox 1383 1783 1537 1838; x_wconf 89' lang='lat' dir='ltr'><strong>Iunii.</strong></span> 
     </span>
    </p>
   </div>
   <div class='ocr_carea' id='block_1_24' title="bbox 833 1884 1729 2027">
    <p class='ocr_par' dir='ltr' id='par_1_24' title="bbox 833 1884 1729 2027">
     <span class='ocr_line' id='line_1_41' title="bbox 833 1884 1729 1957; baseline 0.003 -18"><span class='ocrx_word' id='word_1_88' title='bbox 833 1884 1169 1955; x_wconf 78' lang='lat' dir='ltr'><strong>suffraganeo</strong></span> <span class='ocrx_word' id='word_1_89' title='bbox 1248 1903 1442 1956; x_wconf 85' lang='lat' dir='ltr'><strong>papam</strong></span> <span class='ocrx_word' id='word_1_90' title='bbox 1528 1887 1729 1957; x_wconf 82' lang='lat' dir='ltr'><strong>Grego-</strong></span> 
     </span>
     <span class='ocr_line' id='line_1_42' title="bbox 899 1987 1052 2027; baseline -0.013 0"><span class='ocrx_word' id='word_1_91' title='bbox 899 1987 1052 2027; x_wconf 84' lang='lat' dir='ltr'><strong>num.</strong></span> 
     </span>
    </p>
   </div>
   <div class='ocr_carea' id='block_1_25' title="bbox 824 2166 1562 2823">
    <p class='ocr_par' dir='ltr' id='par_1_25' title="bbox 828 2166 1055 2231">
     <span class='ocr_line' id='line_1_43' title="bbox 828 2166 1055 2231; baseline 0.004 -17"><span class='ocrx_word' id='word_1_92' title='bbox 828 2166 1023 2229; x_wconf 78' lang='lat' dir='ltr'><strong>agatur</strong></span> <span class='ocrx_word' id='word_1_93' title='bbox 1041 2202 1055 2231; x_wconf 92' lang='lat'><strong>,</strong></span> 
     </span>
    </p>

    <p class='ocr_par' dir='ltr' id='par_1_26' title="bbox 824 2246 1562 2823">
     <span class='ocr_line' id='line_1_44' title="bbox 897 2246 1072 2317; baseline 0.017 -16"><span class='ocrx_word' id='word_1_94' title='bbox 897 2246 1072 2317; x_wconf 82' lang='lat' dir='ltr'><strong>fugae·</strong></span> 
     </span>
     <span class='ocr_line' id='line_1_45' title="bbox 829 2352 1562 2410; baseline 0.005 -4"><span class='ocrx_word' id='word_1_95' title='bbox 829 2352 1257 2408; x_wconf 85' lang='lat' dir='ltr'><strong>commemoratis</strong></span> <span class='ocrx_word' id='word_1_96' title='bbox 1290 2352 1562 2410; x_wconf 85' lang='lat' dir='ltr'><strong>fratribus.</strong></span> 
     </span>
     <span class='ocr_line' id='line_1_46' title="bbox 827 2455 1481 2513; baseline 0.005 -4"><span class='ocrx_word' id='word_1_97' title='bbox 827 2455 1017 2512; x_wconf 79' lang='lat' dir='ltr'><strong>soliciti</strong></span> <span class='ocrx_word' id='word_1_98' title='bbox 1054 2458 1253 2512; x_wconf 84' lang='lat' dir='ltr'><strong>etenim</strong></span> <span class='ocrx_word' id='word_1_99' title='bbox 1288 2474 1481 2513; x_wconf 88' lang='lat' dir='ltr'><strong>sumus.</strong></span> 
     </span>
     <span class='ocr_line' id='line_1_47' title="bbox 827 2560 1362 2616; baseline -0.007 -1"><span class='ocrx_word' id='word_1_100' title='bbox 827 2560 1100 2615; x_wconf 85' lang='lat' dir='ltr'><strong>contendit</strong></span> <span class='ocrx_word' id='word_1_101' title='bbox 1132 2560 1362 2616; x_wconf 85' lang='lat' dir='ltr'><strong>infamia.</strong></span> 
     </span>
     <span class='ocr_line' id='line_1_48' title="bbox 825 2664 1512 2736; baseline -0.001 -16"><span class='ocrx_word' id='word_1_102' title='bbox 825 2664 1144 2735; x_wconf 86' lang='lat' dir='ltr'><strong>episcopum</strong></span> <span class='ocrx_word' id='word_1_103' title='bbox 1180 2666 1512 2736; x_wconf 82' lang='lat' dir='ltr'><strong>culpabilem.</strong></span> 
     </span>
     <span class='ocr_line' id='line_1_49' title="bbox 824 2768 1003 2823; baseline 0 -1"><span class='ocrx_word' id='word_1_104' title='bbox 824 2768 1003 2823; x_wconf 88' lang='lat' dir='ltr'><strong>Sutrii.</strong></span> 
     </span>
    </p>
   </div>
   <div class='ocr_carea' id='block_1_26' title="bbox 822 2871 1720 3012">
    <p class='ocr_par' dir='ltr' id='par_1_27' title="bbox 822 2871 1720 3012">
     <span class='ocr_line' id='line_1_50' title="bbox 822 2871 1720 2930; baseline 0.006 -5"><span class='ocrx_word' id='word_1_105' title='bbox 822 2872 1031 2926; x_wconf 82' lang='lat' dir='ltr'><strong>Brutuli</strong></span> <span class='ocrx_word' id='word_1_106' title='bbox 1089 2871 1182 2927; x_wconf 90' lang='lat' dir='ltr'><strong>filii</strong></span> <span class='ocrx_word' id='word_1_107' title='bbox 1237 2874 1343 2928; x_wconf 86' lang='lat' dir='ltr'><strong>mei</strong></span> <span class='ocrx_word' id='word_1_108' title='bbox 1388 2881 1443 2929; x_wconf 92' lang='lat' dir='ltr'><strong>et</strong></span> <span class='ocrx_word' id='word_1_109' title='bbox 1490 2872 1720 2930; x_wconf 86' lang='lat' dir='ltr'><strong>filiorum</strong></span> 
     </span>
     <span class='ocr_line' id='line_1_51' title="bbox 890 2958 1114 3012; baseline -0.004 -1"><span class='ocrx_word' id='word_1_110' title='bbox 890 2958 1114 3012; x_wconf 87' lang='lat' dir='ltr'><strong>Brutuli.</strong></span> 
     </span>
    </p>
   </div>
   <div class='ocr_carea' id='block_1_27' title="bbox 819 3061 1716 3327">
    <p class='ocr_par' dir='ltr' id='par_1_28' title="bbox 819 3061 1716 3327">
     <span class='ocr_line' id='line_1_52' title="bbox 821 3061 1491 3119; baseline 0.001 -3"><span class='ocrx_word' id='word_1_111' title='bbox 821 3061 1093 3117; x_wconf 84' lang='lat' dir='ltr'><strong>Gumberti</strong></span> <span class='ocrx_word' id='word_1_112' title='bbox 1130 3061 1491 3119; x_wconf 82' lang='lat' dir='ltr'><strong>Taurinensis.</strong></span> 
     </span>
     <span class='ocr_line' id='line_1_53' title="bbox 819 3166 1541 3236; baseline 0.001 -18"><span class='ocrx_word' id='word_1_113' title='bbox 819 3166 943 3233; x_wconf 89' lang='lat' dir='ltr'><strong>quia</strong></span> <span class='ocrx_word' id='word_1_114' title='bbox 979 3182 1114 3236; x_wconf 90' lang='lat' dir='ltr'><strong>eum,</strong></span> <span class='ocrx_word' id='word_1_115' title='bbox 1151 3167 1239 3236; x_wconf 91' lang='lat' dir='ltr'><strong>qui</strong></span> <span class='ocrx_word' id='word_1_116' title='bbox 1275 3168 1541 3223; x_wconf 88' lang='lat' dir='ltr'><strong>iniustam.</strong></span> 
     </span>
     <span class='ocr_line' id='line_1_54' title="bbox 821 3268 1716 3327; baseline 0.007 -5"><span class='ocrx_word' id='word_1_117' title='bbox 821 3268 1224 3325; x_wconf 86' lang='lat' dir='ltr'><strong>Taruennensis</strong></span> <span class='ocrx_word' id='word_1_118' title='bbox 1304 3271 1568 3327; x_wconf 89' lang='lat' dir='ltr'><strong>ecclesiae</strong></span> <span class='ocrx_word' id='word_1_119' title='bbox 1640 3273 1716 3327; x_wconf 90' lang='lat' dir='ltr'><strong>Ir-</strong></span> 
     </span>
    </p>
   </div>
   <div class='ocr_carea' id='block_1_28' title="bbox 1155 2163 1728 2232">
    <p class='ocr_par' dir='ltr' id='par_1_29' title="bbox 1155 2163 1728 2232">
     <span class='ocr_line' id='line_1_55' title="bbox 1155 2163 1728 2232; baseline 0.005 -16"><span class='ocrx_word' id='word_1_120' title='bbox 1155 2163 1583 2232; x_wconf 81' lang='lat' dir='ltr'><strong>tergiversationi</strong></span> <span class='ocrx_word' id='word_1_121' title='bbox 1671 2169 1728 2219; x_wconf 92' lang='lat' dir='ltr'><strong>et</strong></span> 
     </span>
    </p>
   </div>
   <div class='ocr_carea' id='block_1_29' title="bbox 806 3356 1102 3425">
    <p class='ocr_par' dir='ltr' id='par_1_30' title="bbox 806 3356 1102 3425">
     <span class='ocr_line' id='line_1_56' title="bbox 806 3356 1102 3425; baseline -0.003 -16"><span class='ocrx_word' id='word_1_122' title='bbox 806 3373 812 3380; x_wconf 94' lang='lat'>·</span> <span class='ocrx_word' id='word_1_123' title='bbox 886 3356 1102 3425; x_wconf 89' lang='lat' dir='ltr'><strong>nolpho.</strong></span> 
     </span>
    </p>
   </div>
   <div class='ocr_carea' id='block_1_30' title="bbox 819 3460 1616 3516">
    <p class='ocr_par' dir='ltr' id='par_1_31' title="bbox 819 3460 1616 3516">
     <span class='ocr_line' id='line_1_57' title="bbox 819 3460 1616 3516; baseline 0.001 -1"><span class='ocrx_word' id='word_1_124' title='bbox 819 3460 1085 3515; x_wconf 88' lang='lat' dir='ltr'><strong>ecclesiae</strong></span> <span class='ocrx_word' id='word_1_125' title='bbox 1120 3467 1340 3516; x_wconf 88' lang='lat' dir='ltr'><strong>nostrae</strong></span> <span class='ocrx_word' id='word_1_126' title='bbox 1372 3462 1616 3516; x_wconf 89' lang='lat' dir='ltr'><strong>instituit.</strong></span> 
     </span>
    </p>
   </div>
   <div class='ocr_carea' id='block_1_31' title="bbox 819 3580 1643 3652">
    <p class='ocr_par' dir='ltr' id='par_1_32' title="bbox 819 3580 1643 3652">
     <span class='ocr_line' id='line_1_58' title="bbox 819 3580 1643 3652; baseline -0.001 -18"><span class='ocrx_word' id='word_1_127' title='bbox 819 3580 1139 3650; x_wconf 86' lang='lat' dir='ltr'><strong>Landulpho</strong></span> <span class='ocrx_word' id='word_1_128' title='bbox 1175 3581 1371 3638; x_wconf 87' lang='lat' dir='ltr'><strong>Pisano</strong></span> <span class='ocrx_word' id='word_1_129' title='bbox 1409 3582 1643 3652; x_wconf 86' lang='lat' dir='ltr'><strong>suisque.</strong></span> 
     </span>
    </p>
   </div>
   <div class='ocr_carea' id='block_1_32' title="bbox 813 3770 1711 4342">
    <p class='ocr_par' dir='ltr' id='par_1_33' title="bbox 814 3770 1546 3844">
     <span class='ocr_line' id='line_1_59' title="bbox 814 3770 1546 3844; baseline 0 -20"><span class='ocrx_word' id='word_1_130' title='bbox 814 3784 949 3838; x_wconf 86' lang='lat' dir='ltr'><strong>quae</strong></span> <span class='ocrx_word' id='word_1_131' title='bbox 984 3770 1161 3844; x_wconf 61' lang='lat' dir='ltr'><strong>divina</strong></span> <span class='ocrx_word' id='word_1_132' title='bbox 1193 3770 1397 3838; x_wconf 83' lang='lat' dir='ltr'><strong>pietate</strong></span> <span class='ocrx_word' id='word_1_133' title='bbox 1431 3786 1546 3839; x_wconf 89' lang='lat' dir='ltr'><strong>per.</strong></span> 
     </span>
    </p>

    <p class='ocr_par' dir='ltr' id='par_1_34' title="bbox 814 3872 1573 3942">
     <span class='ocr_line' id='line_1_60' title="bbox 814 3872 1573 3942; baseline -0.003 -15"><span class='ocrx_word' id='word_1_134' title='bbox 814 3873 905 3942; x_wconf 90' lang='lat' dir='ltr'><strong>qui</strong></span> <span class='ocrx_word' id='word_1_135' title='bbox 947 3872 1142 3928; x_wconf 89' lang='lat' dir='ltr'><strong>dicitur</strong></span> <span class='ocrx_word' id='word_1_136' title='bbox 1180 3873 1573 3929; x_wconf 74' lang='lat' dir='ltr'><strong>schannellum.</strong></span> 
     </span>
    </p>

    <p class='ocr_par' dir='ltr' id='par_1_35' title="bbox 813 3975 1515 4046">
     <span class='ocr_line' id='line_1_61' title="bbox 813 3975 1515 4046; baseline -0.003 -15"><span class='ocrx_word' id='word_1_137' title='bbox 813 3975 880 4032; x_wconf 90' lang='lat' dir='ltr'><strong>de</strong></span> <span class='ocrx_word' id='word_1_138' title='bbox 915 3976 1133 4032; x_wconf 85' lang='lat' dir='ltr'><strong>dissidio</strong></span> <span class='ocrx_word' id='word_1_139' title='bbox 1171 3978 1322 4046; x_wconf 83' lang='lat' dir='ltr'><strong>regni</strong></span> <span class='ocrx_word' id='word_1_140' title='bbox 1356 3977 1515 4032; x_wconf 87' lang='lat' dir='ltr'><strong>illius.</strong></span> 
     </span>
    </p>

    <p class='ocr_par' dir='ltr' id='par_1_36' title="bbox 814 4085 1469 4150">
     <span class='ocr_line' id='line_1_62' title="bbox 814 4085 1469 4150; baseline 0.002 -16"><span class='ocrx_word' id='word_1_141' title='bbox 814 4085 972 4150; x_wconf 86' lang='lat' dir='ltr'><strong>pater</strong></span> <span class='ocrx_word' id='word_1_142' title='bbox 1005 4087 1193 4136; x_wconf 87' lang='lat' dir='ltr'><strong>noster</strong></span> <span class='ocrx_word' id='word_1_143' title='bbox 1226 4097 1287 4135; x_wconf 88' lang='lat' dir='ltr'><strong>re</strong></span> <span class='ocrx_word' id='word_1_144' title='bbox 1327 4097 1469 4135; x_wconf 85' lang='lat' dir='ltr'><strong>vera.</strong></span> 
     </span>
    </p>

    <p class='ocr_par' dir='ltr' id='par_1_37' title="bbox 813 4201 1711 4342">
     <span class='ocr_line' id='line_1_63' title="bbox 813 4201 1711 4258; baseline 0.004 -4"><span class='ocrx_word' id='word_1_145' title='bbox 813 4201 869 4255; x_wconf 91' lang='lat' dir='ltr'><strong>in</strong></span> <span class='ocrx_word' id='word_1_146' title='bbox 920 4215 1102 4256; x_wconf 88' lang='lat' dir='ltr'><strong>amore</strong></span> <span class='ocrx_word' id='word_1_147' title='bbox 1158 4202 1307 4257; x_wconf 90' lang='lat' dir='ltr'><strong>Petri</strong></span> <span class='ocrx_word' id='word_1_148' title='bbox 1366 4208 1422 4256; x_wconf 92' lang='lat' dir='ltr'><strong>et</strong></span> <span class='ocrx_word' id='word_1_149' title='bbox 1474 4202 1711 4258; x_wconf 86' lang='lat' dir='ltr'><strong>solicitu-</strong></span> 
     </span>
     <span class='ocr_line' id='line_1_64' title="bbox 886 4286 1027 4342; baseline -0.007 -1"><span class='ocrx_word' id='word_1_150' title='bbox 886 4286 1027 4342; x_wconf 90' lang='lat' dir='ltr'><strong>dine.</strong></span> 
     </span>
    </p>
   </div>
   <div class='ocr_carea' id='block_1_33' title="bbox 813 4409 1561 4481">
    <p class='ocr_par' dir='ltr' id='par_1_38' title="bbox 813 4409 1561 4481">
     <span class='ocr_line' id='line_1_65' title="bbox 813 4409 1561 4481; baseline 0.005 -21"><span class='ocrx_word' id='word_1_151' title='bbox 813 4421 914 4461; x_wconf 88' lang='lat' dir='ltr'><strong>nec</strong></span> <span class='ocrx_word' id='word_1_152' title='bbox 948 4409 1186 4481; x_wconf 75' lang='lat' dir='ltr'><strong>praemio</strong></span> <span class='ocrx_word' id='word_1_153' title='bbox 1219 4425 1320 4470; x_wconf 84' lang='lat' dir='ltr'><strong>nec</strong></span> <span class='ocrx_word' id='word_1_154' title='bbox 1358 4409 1561 4470; x_wconf 76' lang='lat' dir='ltr'><strong>favore.</strong></span> 
     </span>
    </p>
   </div>
   <div class='ocr_carea' id='block_1_34' title="bbox 2073 736 2491 847">
    <p class='ocr_par' dir='ltr' id='par_1_39' title="bbox 2073 736 2491 847">
     <span class='ocr_line' id='line_1_66' title="bbox 2205 736 2355 777; baseline -0.007 0"><span class='ocrx_word' id='word_1_155' title='bbox 2205 736 2355 777; x_wconf 69' lang='lat' dir='ltr'><strong>Lectio</strong></span> 
     </span>
     <span class='ocr_line' id='line_1_67' title="bbox 2073 806 2491 847; baseline -0.005 -1"><span class='ocrx_word' id='word_1_156' title='bbox 2073 807 2242 847; x_wconf 80' lang='lat' dir='ltr'><strong>codicis</strong></span> <span class='ocrx_word' id='word_1_157' title='bbox 2270 806 2491 845; x_wconf 71' lang='lat' dir='ltr'><strong>Vaticani.</strong></span> 
     </span>
    </p>
   </div>
   <div class='ocr_carea' id='block_1_35' title="bbox 1823 999 2719 1351">
    <p class='ocr_par' dir='ltr' id='par_1_40' title="bbox 1893 999 2351 1066">
     <span class='ocr_line' id='line_1_68' title="bbox 1893 999 2351 1066; baseline -0.007 -12"><span class='ocrx_word' id='word_1_158' title='bbox 1893 999 2075 1054; x_wconf 83' lang='lat' dir='ltr'><strong>videre</strong></span> <span class='ocrx_word' id='word_1_159' title='bbox 2109 1004 2351 1066; x_wconf 83' lang='lat' dir='ltr'><strong>possunt.</strong></span> 
     </span>
    </p>

    <p class='ocr_par' dir='ltr' id='par_1_41' title="bbox 1824 1100 2719 1245">
     <span class='ocr_line' id='line_1_69' title="bbox 1824 1100 2719 1170; baseline -0.008 -11"><span class='ocrx_word' id='word_1_160' title='bbox 1824 1105 2080 1158; x_wconf 64' lang='lat' dir='ltr'><strong>miserere</strong></span> <span class='ocrx_word' id='word_1_161' title='bbox 2115 1102 2291 1170; x_wconf 90' lang='lat' dir='ltr'><strong>michi,</strong></span> <span class='ocrx_word' id='word_1_162' title='bbox 2310 1100 2558 1168; x_wconf 90' lang='lat' dir='ltr'><strong>Domine,</strong></span> <span class='ocrx_word' id='word_1_163' title='bbox 2594 1113 2719 1167; x_wconf 90' lang='lat' dir='ltr'><strong>quo·</strong></span> 
     </span>
     <span class='ocr_line' id='line_1_70' title="bbox 1895 1206 2052 1245; baseline 0 0"><span class='ocrx_word' id='word_1_164' title='bbox 1895 1206 2052 1245; x_wconf 87' lang='lat' dir='ltr'><strong>mam.</strong></span> 
     </span>
    </p>

    <p class='ocr_par' dir='ltr' id='par_1_42' title="bbox 1823 1291 2448 1351">
     <span class='ocr_line' id='line_1_71' title="bbox 1823 1291 2448 1351; baseline -0.011 -2"><span class='ocrx_word' id='word_1_165' title='bbox 1823 1295 1937 1351; x_wconf 88' lang='lat' dir='ltr'><strong>Nec</strong></span> <span class='ocrx_word' id='word_1_166' title='bbox 1970 1294 2114 1348; x_wconf 88' lang='lat' dir='ltr'><strong>illius</strong></span> <span class='ocrx_word' id='word_1_167' title='bbox 2150 1291 2448 1347; x_wconf 83' lang='lat' dir='ltr'><strong>obliviscor.</strong></span> 
     </span>
    </p>
   </div>
   <div class='ocr_carea' id='block_1_36' title="bbox 1817 1447 2553 1515">
    <p class='ocr_par' dir='ltr' id='par_1_43' title="bbox 1817 1447 2553 1515">
     <span class='ocr_line' id='line_1_72' title="bbox 1817 1447 2553 1515; baseline -0.01 -10"><span class='ocrx_word' id='word_1_168' title='bbox 1817 1456 2004 1507; x_wconf 88' lang='lat' dir='ltr'><strong>noster</strong></span> <span class='ocrx_word' id='word_1_169' title='bbox 2036 1450 2253 1515; x_wconf 83' lang='lat' dir='ltr'><strong>Evenus</strong></span> <span class='ocrx_word' id='word_1_170' title='bbox 2286 1447 2553 1505; x_wconf 84' lang='lat' dir='ltr'><strong>Dolensis.</strong></span> 
     </span>
    </p>
   </div>
   <div class='ocr_carea' id='block_1_37' title="bbox 1818 1587 2705 1660">
    <p class='ocr_par' dir='ltr' id='par_1_44' title="bbox 1818 1587 2705 1660">
     <span class='ocr_line' id='line_1_73' title="bbox 1818 1587 2705 1660; baseline -0.007 -14"><span class='ocrx_word' id='word_1_171' title='bbox 1818 1598 2108 1660; x_wconf 84' lang='lat' dir='ltr'><strong>procurent</strong></span> <span class='ocrx_word' id='word_1_172' title='bbox 2143 1590 2199 1643; x_wconf 90' lang='lat' dir='ltr'><strong>in</strong></span> <span class='ocrx_word' id='word_1_173' title='bbox 2243 1589 2455 1644; x_wconf 82' lang='lat' dir='ltr'><strong>irritum</strong></span> <span class='ocrx_word' id='word_1_174' title='bbox 2492 1587 2705 1643; x_wconf 87' lang='lat' dir='ltr'><strong>ducere.</strong></span> 
     </span>
    </p>
   </div>
   <div class='ocr_carea' id='block_1_38' title="bbox 1816 1777 2459 1850">
    <p class='ocr_par' dir='ltr' id='par_1_45' title="bbox 1816 1777 2459 1850">
     <span class='ocr_line' id='line_1_74' title="bbox 1816 1777 2459 1850; baseline -0.011 -14"><span class='ocrx_word' id='word_1_175' title='bbox 1816 1780 1998 1850; x_wconf 85' lang='lat' dir='ltr'><strong>Capue</strong></span> <span class='ocrx_word' id='word_1_176' title='bbox 2031 1778 2288 1836; x_wconf 82' lang='lat' dir='ltr'><strong>Kalendis</strong></span> <span class='ocrx_word' id='word_1_177' title='bbox 2320 1777 2459 1833; x_wconf 90' lang='lat' dir='ltr'><strong>Iulii.</strong></span> 
     </span>
    </p>
   </div>
   <div class='ocr_carea' id='block_1_39' title="bbox 1806 1884 2708 3014">
    <p class='ocr_par' dir='ltr' id='par_1_46' title="bbox 1813 1884 2708 2125">
     <span class='ocr_line' id='line_1_75' title="bbox 1813 1884 2708 1954; baseline -0.006 -13"><span class='ocrx_word' id='word_1_178' title='bbox 1813 1884 2150 1954; x_wconf 83' lang='lat' dir='ltr'><strong>suffraganeo</strong></span> <span class='ocrx_word' id='word_1_179' title='bbox 2218 1889 2462 1938; x_wconf 87' lang='lat' dir='ltr'><strong>sanctum</strong></span> <span class='ocrx_word' id='word_1_180' title='bbox 2514 1896 2708 1952; x_wconf 83' lang='lat' dir='ltr'><strong>papam</strong></span> 
     </span>
     <span class='ocr_line' id='line_1_76' title="bbox 1886 1967 2706 2041; baseline -0.004 -15"><span class='ocrx_word' id='word_1_181' title='bbox 1886 1970 2201 2041; x_wconf 82' lang='lat' dir='ltr'><strong>Gregorium</strong></span> <span class='ocrx_word' id='word_1_182' title='bbox 2289 1967 2436 2034; x_wconf 71' lang='lat' dir='ltr'><strong>(Car.</strong></span> <span class='ocrx_word' id='word_1_183' title='bbox 2520 1984 2706 2023; x_wconf 88' lang='lat' dir='ltr'><strong>secun·</strong></span> 
     </span>
     <span class='ocr_line' id='line_1_77' title="bbox 1884 2057 2056 2125; baseline -0.029 -11"><span class='ocrx_word' id='word_1_184' title='bbox 1884 2057 2056 2125; x_wconf 87' lang='lat' dir='ltr'><strong>dum).</strong></span> 
     </span>
    </p>

    <p class='ocr_par' dir='ltr' id='par_1_47' title="bbox 1811 2159 2708 2318">
     <span class='ocr_line' id='line_1_78' title="bbox 1811 2159 2708 2247; baseline -0.002 -31"><span class='ocrx_word' id='word_1_185' title='bbox 1811 2166 2041 2231; x_wconf 81' lang='lat' dir='ltr'><strong>*agatur</strong></span> <span class='ocrx_word' id='word_1_186' title='bbox 2114 2159 2584 2247; x_wconf 74' lang='lat' dir='ltr'><strong>tergiversatione,</strong></span> <span class='ocrx_word' id='word_1_187' title='bbox 2652 2165 2708 2214; x_wconf 88' lang='lat' dir='ltr'><strong>et</strong></span> 
     </span>
     <span class='ocr_line' id='line_1_79' title="bbox 1879 2249 2055 2318; baseline -0.017 -14"><span class='ocrx_word' id='word_1_188' title='bbox 1879 2249 2055 2318; x_wconf 82' lang='lat' dir='ltr'><strong>fugae.</strong></span> 
     </span>
    </p>

    <p class='ocr_par' dir='ltr' id='par_1_48' title="bbox 1808 2349 2413 2410">
     <span class='ocr_line' id='line_1_80' title="bbox 1808 2349 2413 2410; baseline -0.01 -2"><span class='ocrx_word' id='word_1_189' title='bbox 1808 2353 2112 2410; x_wconf 85' lang='lat' dir='ltr'><strong>memoratis</strong></span> <span class='ocrx_word' id='word_1_190' title='bbox 2143 2349 2413 2405; x_wconf 86' lang='lat' dir='ltr'><strong>fratribus.</strong></span> 
     </span>
    </p>

    <p class='ocr_par' dir='ltr' id='par_1_49' title="bbox 1806 2454 2497 2512">
     <span class='ocr_line' id='line_1_81' title="bbox 1806 2454 2497 2512; baseline -0.006 0"><span class='ocrx_word' id='word_1_191' title='bbox 1806 2457 2025 2512; x_wconf 87' lang='lat' dir='ltr'><strong>solliciti</strong></span> <span class='ocrx_word' id='word_1_192' title='bbox 2057 2456 2252 2511; x_wconf 87' lang='lat' dir='ltr'><strong>etenim</strong></span> <span class='ocrx_word' id='word_1_193' title='bbox 2285 2454 2497 2509; x_wconf 74' lang='lat' dir='ltr'><strong>fiximus.</strong></span> 
     </span>
    </p>

    <p class='ocr_par' dir='ltr' id='par_1_50' title="bbox 1808 2558 2401 2615">
     <span class='ocr_line' id='line_1_82' title="bbox 1808 2558 2401 2615; baseline -0.005 0"><span class='ocrx_word' id='word_1_194' title='bbox 1808 2559 2080 2615; x_wconf 82' lang='lat' dir='ltr'><strong>contendit</strong></span> <span class='ocrx_word' id='word_1_195' title='bbox 2115 2558 2401 2613; x_wconf 82' lang='lat' dir='ltr'><strong>infamiam.</strong></span> 
     </span>
    </p>

    <p class='ocr_par' dir='ltr' id='par_1_51' title="bbox 1807 2664 2535 2734">
     <span class='ocr_line' id='line_1_83' title="bbox 1807 2664 2535 2734; baseline -0.004 -14"><span class='ocrx_word' id='word_1_196' title='bbox 1807 2666 2116 2734; x_wconf 88' lang='lat' dir='ltr'><strong>episcopum</strong></span> <span class='ocrx_word' id='word_1_197' title='bbox 2148 2664 2535 2732; x_wconf 83' lang='lat' dir='ltr'><strong>inculpabilem.</strong></span> 
     </span>
    </p>

    <p class='ocr_par' dir='ltr' id='par_1_52' title="bbox 1809 2767 2433 2849">
     <span class='ocr_line' id='line_1_84' title="bbox 1809 2767 2433 2849; baseline -0.005 -26"><span class='ocrx_word' id='word_1_198' title='bbox 1809 2769 1991 2824; x_wconf 85' lang='lat' dir='ltr'><strong>Sutrio</strong></span> <span class='ocrx_word' id='word_1_199' title='bbox 2026 2768 2177 2849; x_wconf 57' lang='lat' dir='ltr'><strong>goar.</strong></span> <span class='ocrx_word' id='word_1_200' title='bbox 2216 2767 2433 2836; x_wconf 76' lang='lat' dir='ltr'><strong>Suu-is).</strong></span> 
     </span>
    </p>

    <p class='ocr_par' dir='ltr' id='par_1_53' title="bbox 1807 2869 2697 3014">
     <span class='ocr_line' id='line_1_85' title="bbox 1807 2869 2697 2928; baseline 0 -1"><span class='ocrx_word' id='word_1_201' title='bbox 1807 2873 2024 2928; x_wconf 83' lang='lat' dir='ltr'><strong>Brittuli</strong></span> <span class='ocrx_word' id='word_1_202' title='bbox 2079 2869 2177 2927; x_wconf 90' lang='lat' dir='ltr'><strong>filii</strong></span> <span class='ocrx_word' id='word_1_203' title='bbox 2218 2872 2325 2925; x_wconf 91' lang='lat' dir='ltr'><strong>mei</strong></span> <span class='ocrx_word' id='word_1_204' title='bbox 2370 2878 2424 2927; x_wconf 89' lang='lat' dir='ltr'><strong>et</strong></span> <span class='ocrx_word' id='word_1_205' title='bbox 2469 2870 2697 2928; x_wconf 89' lang='lat' dir='ltr'><strong>filiorum</strong></span> 
     </span>
     <span class='ocr_line' id='line_1_86' title="bbox 1871 2959 2105 3014; baseline -0.013 -1"><span class='ocrx_word' id='word_1_206' title='bbox 1871 2959 2105 3014; x_wconf 85' lang='lat' dir='ltr'><strong>Brittuli.</strong></span> 
     </span>
    </p>
   </div>
   <div class='ocr_carea' id='block_1_40' title="bbox 1796 3061 2727 4151">
    <p class='ocr_par' dir='ltr' id='par_1_54' title="bbox 1808 3061 2481 3119">
     <span class='ocr_line' id='line_1_87' title="bbox 1808 3061 2481 3119; baseline -0.007 -1"><span class='ocrx_word' id='word_1_207' title='bbox 1808 3063 2081 3119; x_wconf 88' lang='lat' dir='ltr'><strong>Cuniberti</strong></span> <span class='ocrx_word' id='word_1_208' title='bbox 2118 3061 2481 3118; x_wconf 88' lang='lat' dir='ltr'><strong>Taurinensis.</strong></span> 
     </span>
    </p>

    <p class='ocr_par' dir='ltr' id='par_1_55' title="bbox 1804 3167 2715 3244">
     <span class='ocr_line' id='line_1_88' title="bbox 1804 3167 2715 3244; baseline -0.001 -23"><span class='ocrx_word' id='word_1_209' title='bbox 1804 3167 1928 3236; x_wconf 88' lang='lat' dir='ltr'><strong>quia</strong></span> <span class='ocrx_word' id='word_1_210' title='bbox 1961 3167 2017 3221; x_wconf 89' lang='lat' dir='ltr'><strong>in</strong></span> <span class='ocrx_word' id='word_1_211' title='bbox 2055 3183 2201 3236; x_wconf 89' lang='lat' dir='ltr'><strong>eum,</strong></span> <span class='ocrx_word' id='word_1_212' title='bbox 2237 3168 2327 3235; x_wconf 88' lang='lat' dir='ltr'><strong>qui</strong></span> <span class='ocrx_word' id='word_1_213' title='bbox 2359 3167 2622 3223; x_wconf 87' lang='lat' dir='ltr'><strong>iniustam.</strong></span> <span class='ocrx_word' id='word_1_214' title='bbox 2711 3240 2715 3244; x_wconf 92' lang='lat'><strong>.</strong></span> 
     </span>
    </p>

    <p class='ocr_par' dir='ltr' id='par_1_56' title="bbox 1803 3251 2727 3411">
     <span class='ocr_line' id='line_1_89' title="bbox 1803 3251 2727 3327; baseline 0.002 -2"><span class='ocrx_word' id='word_1_215' title='bbox 1803 3271 2201 3326; x_wconf 85' lang='lat' dir='ltr'><strong>Tarnannensis</strong></span> <span class='ocrx_word' id='word_1_216' title='bbox 2267 3271 2526 3327; x_wconf 88' lang='lat' dir='ltr'><strong>ecclesiae</strong></span> <span class='ocrx_word' id='word_1_217' title='bbox 2595 3272 2695 3327; x_wconf 86' lang='lat' dir='ltr'><strong>Er·</strong></span> <span class='ocrx_word' id='word_1_218' title='bbox 2721 3251 2727 3257; x_wconf 31' lang='lat'>²</span> 
     </span>
     <span class='ocr_line' id='line_1_90' title="bbox 1870 3356 2035 3411; baseline -0.012 0"><span class='ocrx_word' id='word_1_219' title='bbox 1870 3356 2035 3411; x_wconf 86' lang='lat' dir='ltr'><strong>nolfo.</strong></span> 
     </span>
    </p>

    <p class='ocr_par' dir='ltr' id='par_1_57' title="bbox 1802 3462 2589 3520">
     <span class='ocr_line' id='line_1_91' title="bbox 1802 3462 2589 3520; baseline 0.005 -4"><span class='ocrx_word' id='word_1_220' title='bbox 1802 3462 2063 3517; x_wconf 85' lang='lat' dir='ltr'><strong>ecclesiae</strong></span> <span class='ocrx_word' id='word_1_221' title='bbox 2097 3469 2307 3519; x_wconf 83' lang='lat' dir='ltr'><strong>vestrae</strong></span> <span class='ocrx_word' id='word_1_222' title='bbox 2341 3463 2589 3520; x_wconf 86' lang='lat' dir='ltr'><strong>instit-uit·</strong></span> 
     </span>
    </p>

    <p class='ocr_par' dir='ltr' id='par_1_58' title="bbox 1800 3559 2690 3738">
     <span class='ocr_line' id='line_1_92' title="bbox 1800 3559 2690 3653; baseline 0.004 -17"><span class='ocrx_word' id='word_1_223' title='bbox 1800 3581 2113 3637; x_wconf 79' lang='lat' dir='ltr'><strong>*Landulfo</strong></span> <span class='ocrx_word' id='word_1_224' title='bbox 2175 3584 2370 3639; x_wconf 87' lang='lat' dir='ltr'><strong>Pisano</strong></span> <span class='ocrx_word' id='word_1_225' title='bbox 2432 3559 2690 3653; x_wconf 76' lang='lat' dir='ltr'><strong>episcopo</strong></span> 
     </span>
     <span class='ocr_line' id='line_1_93' title="bbox 1868 3669 2100 3738; baseline -0.017 -15"><span class='ocrx_word' id='word_1_226' title='bbox 1868 3669 2100 3738; x_wconf 87' lang='lat' dir='ltr'><strong>suisque.</strong></span> 
     </span>
    </p>

    <p class='ocr_par' dir='ltr' id='par_1_59' title="bbox 1798 3772 2548 3843">
     <span class='ocr_line' id='line_1_94' title="bbox 1798 3772 2548 3843; baseline 0.001 -16"><span class='ocrx_word' id='word_1_227' title='bbox 1798 3775 1973 3841; x_wconf 84' lang='lat' dir='ltr'><strong>*quae</strong></span> <span class='ocrx_word' id='word_1_228' title='bbox 2010 3772 2188 3828; x_wconf 86' lang='lat' dir='ltr'><strong>divina</strong></span> <span class='ocrx_word' id='word_1_229' title='bbox 2221 3773 2397 3842; x_wconf 85' lang='lat' dir='ltr'><strong>pietas</strong></span> <span class='ocrx_word' id='word_1_230' title='bbox 2431 3790 2548 3843; x_wconf 86' lang='lat' dir='ltr'><strong>per.</strong></span> 
     </span>
    </p>

    <p class='ocr_par' dir='ltr' id='par_1_60' title="bbox 1799 3875 2465 3943">
     <span class='ocr_line' id='line_1_95' title="bbox 1799 3875 2465 3943; baseline -0.002 -14"><span class='ocrx_word' id='word_1_231' title='bbox 1799 3875 1889 3943; x_wconf 89' lang='lat' dir='ltr'><strong>qui</strong></span> <span class='ocrx_word' id='word_1_232' title='bbox 1924 3875 2118 3931; x_wconf 87' lang='lat' dir='ltr'><strong>dicitur</strong></span> <span class='ocrx_word' id='word_1_233' title='bbox 2152 3877 2465 3932; x_wconf 89' lang='lat' dir='ltr'><strong>Scanellum.</strong></span> 
     </span>
    </p>

    <p class='ocr_par' dir='ltr' id='par_1_61' title="bbox 1799 3977 2505 4050">
     <span class='ocr_line' id='line_1_96' title="bbox 1799 3977 2505 4050; baseline 0.003 -18"><span class='ocrx_word' id='word_1_234' title='bbox 1799 3977 1865 4033; x_wconf 90' lang='lat' dir='ltr'><strong>de</strong></span> <span class='ocrx_word' id='word_1_235' title='bbox 1902 3977 2127 4035; x_wconf 87' lang='lat' dir='ltr'><strong>discidio</strong></span> <span class='ocrx_word' id='word_1_236' title='bbox 2160 3980 2312 4050; x_wconf 82' lang='lat' dir='ltr'><strong>regni</strong></span> <span class='ocrx_word' id='word_1_237' title='bbox 2346 3981 2505 4037; x_wconf 88' lang='lat' dir='ltr'><strong>illius.</strong></span> 
     </span>
    </p>

    <p class='ocr_par' dir='ltr' id='par_1_62' title="bbox 1796 4084 2534 4151">
     <span class='ocr_line' id='line_1_97' title="bbox 1796 4084 2534 4151; baseline 0 -14"><span class='ocrx_word' id='word_1_238' title='bbox 1796 4087 1952 4151; x_wconf 87' lang='lat' dir='ltr'><strong>pater</strong></span> <span class='ocrx_word' id='word_1_239' title='bbox 1984 4090 2164 4139; x_wconf 82' lang='lat' dir='ltr'><strong>vester</strong></span> <span class='ocrx_word' id='word_1_240' title='bbox 2195 4100 2254 4139; x_wconf 93' lang='lat' dir='ltr'><strong>re</strong></span> <span class='ocrx_word' id='word_1_241' title='bbox 2288 4099 2429 4139; x_wconf 84' lang='lat' dir='ltr'><strong>vera.</strong></span> <span class='ocrx_word' id='word_1_242' title='bbox 2467 4084 2534 4144; x_wconf 85' lang='lat' dir='ltr'><strong>H.</strong></span> 
     </span>
    </p>
   </div>
   <div class='ocr_carea' id='block_1_41' title="bbox 1794 4203 2690 4347">
    <p class='ocr_par' dir='ltr' id='par_1_63' title="bbox 1794 4203 2690 4347">
     <span class='ocr_line' id='line_1_98' title="bbox 1794 4203 2690 4267; baseline 0.012 -11"><span class='ocrx_word' id='word_1_243' title='bbox 1794 4203 1852 4257; x_wconf 91' lang='lat' dir='ltr'><strong>in</strong></span> <span class='ocrx_word' id='word_1_244' title='bbox 1909 4219 2143 4259; x_wconf 85' lang='lat' dir='ltr'><strong>amorem</strong></span> <span class='ocrx_word' id='word_1_245' title='bbox 2192 4206 2362 4261; x_wconf 86' lang='lat' dir='ltr'><strong>sancti</strong></span> <span class='ocrx_word' id='word_1_246' title='bbox 2421 4208 2571 4264; x_wconf 88' lang='lat' dir='ltr'><strong>Petri</strong></span> <span class='ocrx_word' id='word_1_247' title='bbox 2635 4217 2690 4267; x_wconf 87' lang='lat' dir='ltr'><strong>et</strong></span> 
     </span>
     <span class='ocr_line' id='line_1_99' title="bbox 1864 4289 2292 4347; baseline 0.009 -4"><span class='ocrx_word' id='word_1_248' title='bbox 1864 4289 2292 4347; x_wconf 87' lang='lat' dir='ltr'><strong>sollicitudinem.</strong></span> 
     </span>
    </p>
   </div>
   <div class='ocr_carea' id='block_1_42' title="bbox 1795 4411 2515 4477">
    <p class='ocr_par' dir='ltr' id='par_1_64' title="bbox 1795 4411 2515 4477">
     <span class='ocr_line' id='line_1_100' title="bbox 1795 4411 2515 4477; baseline -0.003 -9"><span class='ocrx_word' id='word_1_249' title='bbox 1795 4425 1895 4468; x_wconf 85' lang='lat' dir='ltr'><strong>nec</strong></span> <span class='ocrx_word' id='word_1_250' title='bbox 1929 4411 2139 4477; x_wconf 81' lang='lat' dir='ltr'><strong>praetio</strong></span> <span class='ocrx_word' id='word_1_251' title='bbox 2175 4428 2278 4469; x_wconf 91' lang='lat' dir='ltr'><strong>nec</strong></span> <span class='ocrx_word' id='word_1_252' title='bbox 2309 4414 2515 4472; x_wconf 85' lang='lat' dir='ltr'><strong>favore.</strong></span> 
     </span>
    </p>
   </div>
  </div>
 </body>
</html>
