3371 5259
757 762 984 803 Editionis

747 834 1003 872 Mansianae

809 902 948 940 locus.

725 987 840 1038 196.
882 986 946 1037 Β.

725 1092 837 1141 197.
882 1092 939 1141 C.

727 1195 837 1247 198.
875 1197 940 1243 A.

723 1386 839 1434 200.
876 1384 942 1432 A.

723 1490 839 1538 200.
879 1487 940 1538 Β.

725 1767 839 1815 200.

725 1871 842 1918 200.

723 1973 838 2021 202.

724 2076 838 2125 202.

725 2281 839 2331 203.

724 2382 838 2433 203.

878 1766 947 2434 ΏΨΨΨῩῬΨ

725 2661 841 2709 204.

726 2767 840 2813 204.

725 2869 841 2916 204.

726 2971 843 3019 204.

728 3075 842 3123 205.

878 2663 948 3124 resve?

728 3352 824 3401 205
862 3349 931 3402 D.

730 3473 845 3523 ’206.
884 3471 947 3521 Β.

731 3681 845 3731 206.
884 3681 948 3730 Ε.

728 3785 846 3832 206.
883 3784 946 3834 Ε.

730 3973 845 4021 207.
883 3973 943 4024 Β.

730 4094 848 4143 207.
887 4093 950 4142 Ε.

730 4301 846 4351 209.
886 4299 945 4351 Β.

730 4406 847 4454 210.
883 4405 945 4458 Β.

730 4509 848 4558 211.
886 4504 949 4559 B.

1625 592 2057 655 ...20-

1467 816 1616 855 Lectio

1441 886 1645 935 vulgaris.

1099 996 1159 1043 ut
1193 989 1348 1043 nobis
1382 996 1493 1042 tuo.

1100 1092 1484 1146 observandum
1522 1093 1900 1147 adiudicamus.

1097 1196 1367 1267 Radbodi,
1420 1196 1728 1264 Adelprech
1783 1203 1839 1250 et
1891 1193 1996 1248 Vo-

1168 1283 1351 1337 descal
1384 1284 1500 1338 Rei.

1099 1403 1234 1454 quae
1272 1395 1490 1442 ostensa
1512 1388 1684 1441 nobis.

1095 1492 1433 1560 privilegium
1480 1489 1848 1563 diffinitionem
1899 1503 1992 1541 no·

1167 1585 1330 1631 stram
1366 1578 1526 1633 latius
1562 1578 1838 1632 continens
1882 1592 1994 1629 mu-

1167 1667 1350 1718 nitum.

1098 1777 1312 1823 nostrae
1349 1742 1691 1824 conscientia.
1836 1834 1842 1843 ,

1100 1889 1307 1941 quoque
1347 1871 1761 1927 confraternitas
1795 1878 1904 1925 tua.

1099 1976 1497 2055 Aurelianensis
1535 1977 1809 2031 ecclesiae.

1098 2081 1485 2136 inobedientiae
1521 2081 1704 2135 matris
1741 2094 1886 2134 suae.

1099 2186 1240 2240 Data
1273 2186 1473 2239 Romae
1508 2200 1705 2239 mense.

1100 2305 1236 2356 quae
1273 2291 1338 2342 ab
1377 2290 1471 2344 eis.

1100 2409 1309 2461 quoque
1346 2396 1624 2447 canoniam
1657 2406 1824 2446 suam.

1103 2671 1343 2724 Romana
1375 2675 1583 2723 constat
1619 2667 1856 2722 ecclesia.

1103 2790 1208 2826 non
1244 2780 1553 2840 parcentes,
1589 2771 1794 2839 quibus.

1101 2876 1426 2930 irruentibus
1462 2875 1622 2930 cedat
1654 2872 1916 2928 hostibus.

1103 2981 1418 3047 ubicumque
1451 2980 1673 3047 poteris.
1825 2953 1828 2960 .

1100 3086 1301 3152 populo
1334 3084 1666 3152 Hipponensi
1699 3083 1774 3136 in.

1101 3363 1267 3416 Anzir
1297 3362 1431 3429 regi.

1103 3491 1358 3553 quantum
1390 3482 1487 3537 tibi
1524 3480 1751 3535 libenter
1798 3478 1997 3533 servire

1173 3573 1351 3624 velint.

1103 3676 1190 3743 qui
1225 3675 1366 3726 ultra
1398 3674 1662 3727 meritum.

1104 3794 1292 3831 revera
1329 3784 1383 3831 et
1421 3777 1594 3830 Deum
1640 3783 1694 3830 et
1741 3777 1999 3830 honorem

1176 3866 1287 3917 eius
1326 3864 1535 3931 diligat,
1572 3865 1701 3918 eius-

1104 3977 1165 4021 ut
1199 3969 1496 4035 respiceret
1530 3983 1864 4035 summopere

1103 4089 1432 4142 idololatriae
1471 4089 1663 4144 scelus,
1705 4087 1882 4141 Testis
1906 4101 1997 4139 no·

1173 4178 1269 4231 bis.

1104 4305 1300 4366 restat,
1337 4303 1396 4351 ut
1431 4305 1592 4365 neget
1624 4313 1748 4350 non.

1105 4410 1287 4457 tecum
1322 4402 1547 4455 irritum.

1110 4506 1187 4560 illi
1223 4505 1521 4561 consiliarii.

1388 4783 1503 4856 ’Ἣ

2461 816 2612 857 Lectio

2323 887 2493 926 codicis
2521 888 2743 927 Vaticani.

2080 994 2174 1046 *et
2209 991 2361 1046 nobis
2398 998 2509 1046 tuo.

2082 1094 2474 1149 observandum
2512 1093 2939 1149 adiudicavimus.

2081 1197 2337 1266 Radbodi,
2377 1198 2676 1267 Adelpreth
2713 1205 2767 1253 et
2803 1197 2979 1252 Uode-

2154 1285 2341 1339 scalki.

2081 1404 2217 1456 quae
2255 1397 2523 1445 ostensam
2559 1389 2731 1442 nobis.

2080 1492 2438 1560 privilegium(
2443 1492 2747 1544 scribendum
2762 1500 2832 1543 est
2846 1511 2857 1541 ε
2870 1478 2980 1560 pri-

2131 1579 2348 1645 vilegio)
2365 1578 2733 1633 diffinitionem
2743 1586 2981 1634 nostram

2130 1666 2287 1719 latius
2324 1667 2614 1720 continenti
2649 1667 2867 1720 munita.

2080 1776 2262 1822 nostra
2299 1769 2642 1824 conscientia.

2034 1943 2047 1960 .
2082 1888 2308 1943 quoque,
2345 1889 2499 1940 quam
2531 1872 2838 1927 fraternitas
2862 1877 2976 1926 tua.

2082 1977 2480 2031 Aurelianensis
2529 1977 2774 2031 ecclesia.

2078 2079 2483 2135 inoboedentiae
2517 2082 2673 2134 matri
2709 2096 2856 2136 suae.

2079 2183 2223 2238 Data
2255 2200 2452 2239 mense.

2082 2288 2210 2356 *qui
2245 2287 2312 2341 ab
2351 2288 2446 2341 eis.
2485 2287 2549 2338 H.

2084 2406 2295 2458 quoque
2332 2391 2637 2445 canonicam
2660 2406 2824 2445 suam.
2862 2391 2980 2457 (Sic

2155 2486 2200 2529 et
2235 2477 2315 2529 hic
2352 2486 2394 2529 et
2430 2479 2625 2545 saepius
2670 2479 2810 2544 infra
2854 2479 2976 2528 scri-

2145 2572 2287 2633 ptum
2323 2566 2440 2628 est.)

2083 2669 2321 2724 Romana
2357 2676 2604 2724 constant
2640 2670 2889 2742 ecclesia.

2085 2789 2192 2826 non
2227 2779 2512 2840 parcentes
2547 2773 2725 2841 gregi,
2772 2772 2979 2840 quibus.

2085 2876 2443 2930 *irruentibus
2488 2876 2681 2931 cedant
2714 2876 2972 2932 hostibus.

2086 2979 2383 3047 ubicunque
2417 2981 2677 3048 potueris.

2087 3083 2298 3137 Buzeae
2365 3083 2419 3137 id
2466 3089 2548 3138 est
2598 3084 2855 3152 Hippona
2907 3085 2977 3138 in.

2157 3169 2236 3233 (id
2275 3177 2356 3225 est
2386 3171 2638 3240 Hippona
2664 3181 2781 3238 post
2816 3172 2979 3222 adiec-

2156 3264 2259 3307 tum
2297 3259 2413 3324 est.)

2084 3361 2283 3414 Anazir
2316 3362 2446 3430 regi.

2084 3491 2339 3551 quantum
2372 3483 2471 3538 tibi
2505 3485 2705 3538 servire
2741 3484 2920 3538 velint.

2084 3675 2112 3708 *
2131 3674 2256 3741 quia
2288 3675 2432 3729 ultra
2465 3675 2725 3728 meritum.

2084 3793 2276 3831 revera
2293 3778 2465 3831 Deum
2497 3786 2551 3832 et
2576 3773 2836 3831 honor'em
2866 3776 2979 3830 eius

2155 3863 2340 3932 diligat
2378 3873 2432 3919 et
2469 3866 2598 3918 eius.

2085 3970 2185 4021 *ut
2220 3969 2561 4035 resipisceret
2597 3983 2949 4035 summopere.

2083 4088 2360 4143 idolatriae
2380 4089 2612 4143 sceleris.
2647 4087 2824 4142 Testis
2847 4087 2981 4141 enim

2161 4175 2331 4229 nobis.

2090 4301 2276 4361 restat,
2311 4301 2372 4347 ut
2406 4303 2567 4362 neget
2603 4310 2661 4348 se
2698 4311 2821 4348 non.

2090 4407 2267 4451 tecum
2300 4398 2356 4449 in
2389 4398 2613 4452 irritum.

2091 4500 2167 4553 illi
2201 4500 2340 4554 tales
2375 4495 2674 4559 consiliarii.
