3371 5259
1348 567 1775 631 ...21-

464 733 694 777 Editionis

454 806 708 846 Mansianae
1176 792 1329 833 Lectio
2162 793 2313 833 Lectio

516 876 656 917 locus·
1155 864 1364 912 vulgaris.
2033 864 2200 903 codicis
2229 864 2449 906 Vaticani.

426 963 545 1011 211.
579 963 651 1014 D.
802 969 1011 1019 secreta
1047 980 1109 1018 ac
1144 965 1491 1021 indubitabili.
1790 973 1848 1019 se
1885 972 2034 1020 certa
2069 982 2131 1020 ac
2165 966 2499 1023 indubitabili
2533 969 2681 1036 (Car.

1858 1055 2110 1119 secerta).
2681 1066 2687 1079 ¹

427 1153 539 1201 211.
581 1153 643 1202 E.
800 1170 895 1209 vos
928 1156 1034 1222 ipsi
1067 1155 1511 1222 comprehendite.
1787 1172 1881 1210 vos
1914 1157 2017 1225 ipsi
2053 1158 2516 1244 comprehenditis.

426 1257 539 1305 211.
576 1255 638 1307 E.
802 1266 862 1312 ut
897 1259 1106 1313 omnino
1140 1258 1422 1314 firmatum.
1717 1314 1727 1327 Ι
1788 1266 1843 1313 et
1880 1261 2088 1314 omnino
2124 1260 2405 1317 firmatum.

424 1360 540 1498 ξιξ
580 1360 684 1499 ἓξ
801 1407 967 1460 sancti
1002 1407 1229 1462 Melarii.
1787 1408 1957 1460 sancti
1992 1408 2226 1462 Melanii.
2263 1410 2330 1460 H.

432 1552 549 1602 214.
586 1551 647 1605 B.
805 1570 1066 1608 canonum
1086 1572 1192 1609 non
1215 1557 1697 1612 communicaverit.
1786 1572 2046 1610 canonum
2081 1574 2188 1611 non
2222 1561 2642 1617 communicavit.

423 1656 542 1705 215.
583 1655 645 1706 C.
799 1665 983 1713 reatus
1021 1661 1103 1713 sui
1138 1661 1484 1730 poenitentia.
1698 1667 1705 1673 “
1783 1667 1966 1715 reatus
2004 1662 2085 1715 sui
2123 1664 2494 1729 competentia.

424 1740 545 1812 215.
579 1759 646 1809 D·
799 1763 882 1818 vel
916 1764 1033 1832 ipse
1070 1765 1151 1818 vel
1187 1781 1287 1833 per
1321 1766 1545 1833 legatos.
1782 1764 1865 1817 vel
1899 1781 1999 1832 per
2044 1781 2102 1819 se
2138 1766 2221 1819 vel
2258 1782 2358 1833 per
2395 1768 2620 1835 legatos.

421 1863 538 1915 216.
575 1862 637 1912 Ε.
797 1868 851 1920 in
886 1866 1238 1923 fornicatione
1274 1870 1645 1937 persistentes.
1779 1868 1835 1921 in
1870 1867 2220 1923 fornicatione
2255 1881 2546 1925 manentes

421 1967 537 2016 218·
575 1967 636 2017 Β.
800 1971 939 2039 quod
974 1987 1073 2026 nos
1110 1972 1321 2040 quidem
1357 1973 1636 2027 credimus.
1780 1972 1923 2040 quod
1959 1978 2013 2025 et
2031 1988 2128 2026 nos
2153 1972 2363 2040 quidem
2394 1974 2673 2030 credimus.

421 2073 543 2122 218-
577 2072 639 2122 C·
799 2075 1013 2130 tandem
1048 2078 1406 2144 semetipsum.
1786 2075 2037 2130 *tandem
2072 2092 2171 2143 per
2204 2078 2565 2146 semetipsum.

421 2175 537 2229 219.
570 2178 642 2226 Α.
798 2179 914 2247 regi
951 2180 1156 2234 oblatos
1194 2197 1330 2234 esse.
1784 2180 1898 2246 regi
1931 2179 2193 2247 obligatos
2230 2196 2366 2235 esse.

422 2280 531 2332 221.
567 2278 630 2329 Β.
800 2291 853 2337 et
888 2299 1075 2338 manus
1110 2285 1400 2352 imponere.
1783 2283 1832 2336 ei
1867 2299 2055 2337 manus
2090 2284 2379 2350 imponere.

420 2376 551 2434 221:
573 2385 636 2434 n.
797 2387 938 2454 quod
974 2388 1023 2442 ei
1058 2389 1327 2456 antiquam
1362 2388 1607 2443 debitam.
1780 2386 1922 2454 quod
1957 2388 2005 2441 ei
2040 2388 2307 2454 antiquam
2343 2394 2396 2442 et
2422 2374 2672 2445 debitam.

419 2488 537 2537 222.
575 2487 642 2540 Ε.
792 2490 1099 2545 Leuzonem
1134 2494 1464 2547 monachum.
1778 2490 2085 2544 Teuzonem
2120 2479 2448 2565 monachum.

420 2592 534 2644 223.
571 2592 633 2644 B.
795 2596 1039 2663 egregiae
1075 2605 1198 2652 sunt
1233 2598 1472 2653 virtutes.
1779 2596 2025 2668 egregiae
2061 2595 2166 2649 sint
2202 2595 2442 2652 virtutes.

419 2697 535 2746 225.
562 2697 640 2750 ἶΑ.
795 2699 935 2767 quod
970 2699 1036 2753 de
1073 2716 1248 2754 causa.
1636 2673 1639 2676 Ι
1778 2697 1919 2766 quod
1954 2698 2019 2751 de
2059 2714 2123 2752 ea
2158 2714 2332 2753 causa.

416 2800 534 2851 225.
575 2801 636 2851 C.
796 2802 850 2855 Si
885 2819 1012 2857 vero
1049 2804 1228 2858 istum.
1779 2802 1870 2856 Sin
1905 2818 2032 2856 vero
2071 2803 2251 2856 istum.

418 2903 533 2956 225.
567 2905 634 2956 D.
791 2883 1065 2961 claustrali
1086 2907 1361 2977 disciplina
1373 2915 1685 2964 correctum.
1779 2906 2050 2960 claustrali
2064 2906 2673 2977 disciplinacorreptum.

416 3009 533 3059 228.
571 3006 630 3059 C.
791 3011 887 3064 sed
925 3020 979 3066 et
1012 3013 1100 3065 ibi.
1777 3009 1873 3065 sed
1910 3018 1963 3064 et
1999 3011 2112 3064 tibi.
2153 3010 2218 3062 H.

416 3111 531 3161 228.
569 3112 627 3164 C.
791 3116 1065 3170 consilium
1110 3117 1463 3206 auxiligimque
1514 3115 1683 3170 daret.
1776 3115 2052 3169 consilium
2108 3115 2467 3183 auxiliumque
2522 3131 2677 3184 para-

948 3207 955 3218 “
1841 3204 1928 3256 ι’Ὲΐ.
1993 3202 2230 3269 (Caraffa
2295 3208 2488 3270 pareat
2538 3202 2675 3252 Har-

1846 3289 2023 3338 dumus
2056 3290 2260 3356 paret).

416 3391 532 3440 228.
569 3390 637 3441 D.
790 3400 950 3460 prout
987 3399 1200 3459 oportet
1238 3400 1490 3447 statuere.
1774 3399 1935 3462 prout
1972 3400 2222 3460 oporteat
2257 3398 2516 3447 statuere.

416 3493 532 3542 230.
568 3494 638 3542 E·
790 3496 1149 3563 praecipimus
1183 3505 1241 3551 ut
1275 3503 1573 3564 utrumque.
1776 3497 2145 3565 praecepimus
2182 3501 2241 3549 ut
2277 3503 2577 3565 utrumque.

417 3597 536 3647 231.
571 3595 632 3648 Β.
791 3601 1069 3668 credimuS‚
1091 3599 1688 3668 quodubicumqueduO.
1774 3601 2105 3668 *credimuS,
2141 3599 2438 3667 ubicunque
2474 3601 2596 3655 duo.

415 3702 530 3753 231.
566 3700 628 3752 Β.
789 3721 820 3757 a
856 3705 1016 3758 corde
1053 3713 1235 3758 nostro
1271 3702 1446 3758 debet.
1776 3721 1809 3758 a
1846 3704 2006 3757 corde
2044 3710 2220 3757 vestro
2259 3702 2433 3757 debet.

415 3804 530 3854 233.
572 3775 631 3855 ὁ.
789 3808 1135 3875 apostolicam
1170 3806 1608 3863 benedictionem.
1771 3807 2158 3874 *apostolicam
2226 3806 2670 3878 benedictionem,

1844 3894 1889 3947 si
1926 3893 2274 3947 oboedierint.

413 3993 529 4044 235.
569 3993 630 4042 B·
788 3999 876 4066 qui
911 4005 1034 4053 sunt
1072 4014 1138 4051 ex
1173 3998 1530 4053 contentione.
1773 3997 1862 4066 qui
1899 4013 1965 4050 ex
2001 3997 2356 4051 contentione.

413 4096 529 4148 237·
567 4096 634 4146 D·
789 4103 1015 4170 aliquem
1049 4102 1206 4156 modo
1243 4101 1312 4155 ad
1335 4102 1454 4156 illas
1481 4109 1684 4170 partes.
1770 4102 1999 4168 aliquem
2042 4100 2199 4153 modo
2252 4100 2322 4154 ad
2363 4102 2462 4188 has
2509 4104 2667 4160 modo

1286 4209 1289 4212 >
1839 4187 1908 4241 ad
1941 4188 2057 4240 illas
2094 4193 2294 4254 partes.

414 4302 531 4352 238-
568 4301 635 4352 A·
790 4311 949 4364 talem
994 4311 1094 4364 sibi
1129 4310 1385 4364 honorem
1435 4317 1489 4365 et
1538 4326 1688 4364 reve·
1771 4309 1934 4362 talem
1982 4307 2080 4371 sibi
2123 4310 2479 4365 reverentiam
2523 4313 2668 4367 exhi·

860 4398 1088 4454 rentiam
1125 4397 1435 4452 exhibeatis.
1843 4395 2017 4460 beatis
2064 4393 2298 4462 (Caraffia
2343 4396 2394 4467 h.
2447 4415 2492 4453 e.
2544 4416 2668 4466 quae

1842 4483 1896 4531 in
1914 4482 2080 4535 codice
2101 4482 2259 4533 deleta
2273 4493 2416 4547 sunt,
2436 4486 2663 4552 adiecit).
