3371 5259
1445 594 1836 656 -9-

502 761 843 846 imperium
906 763 973 828 in
1036 762 1291 829 unitate
1356 762 1743 829 concordiae
1800 764 2296 847 coniungantur.
2384 763 2550 830 Nam
2596 764 2768 829 sicut

505 875 758 942 duobus
804 876 1005 942 oculis
1048 876 1399 942 humanum
1444 898 1679 960 corpus
1719 878 2063 960 temporali
2100 877 2338 942 lumine
2359 878 2626 961 regitur,
2670 877 2768 941 ita

502 987 602 1053 his
651 987 903 1053 duabus
949 987 1376 1072 dignitatibus
1421 990 1489 1054 in
1524 999 1691 1073 pura
1711 990 2020 1073 religione
2046 989 2597 1056 concordantibus
2622 1011 2764 1054 cor-

502 1121 626 1184 pus
680 1101 991 1166 ecclesiae
1039 1102 1361 1185 spirituali
1404 1102 1644 1167 lumine
1704 1104 1842 1186 regi
1888 1106 1955 1167 et
1997 1103 2345 1168 illuminari
2384 1101 2765 1185 probatur.“

502 1213 664 1278 Post
709 1214 853 1294 alia,
900 1234 1067 1298 quae
1111 1215 1235 1279 hoc
1277 1215 1422 1280 loco
1467 1215 1945 1298 praetermitto,
1994 1220 2356 1281 orationem
2400 1216 2496 1280 ita
2557 1215 2765 1279 conti-

502 1330 692 1393 nuat:
782 1325 952 1407 „Sed
1019 1328 1171 1411 quia
1230 1326 1639 1393 concordiam
1690 1328 1914 1408 istam,
1976 1328 2223 1393 scilicet
2285 1326 2637 1393 sacerdotii
2700 1330 2768 1391 et

501 1439 772 1523 imperii,
818 1438 976 1503 nihil
1019 1438 1275 1520 fictum,
1320 1440 1479 1508 nihil
1522 1441 1648 1504 nisi
1689 1461 1924 1523 purum
1970 1439 2160 1505 decet
2202 1440 2462 1521 habere,
2506 1438 2766 1505 videtur

502 1551 692 1618 nobis
739 1553 997 1617 omnino
1043 1552 1221 1632 utile,
1267 1557 1342 1616 ut
1364 1553 1545 1636 prius
1589 1556 1808 1617 tecum
1831 1557 2030 1636 atque
2054 1556 2306 1637 Agnete
2350 1553 2764 1636 imperatrice

504 1668 572 1730 et
596 1686 741 1731 cum
766 1665 1098 1730 comitissa
1114 1665 1418 1753 ⁸Beatrice
1445 1670 1512 1731 et
1534 1665 1852 1730 Rainaldo
1878 1666 2183 1749 episcopo
2211 1666 2501 1732 Cumano
2528 1672 2596 1731 et
2620 1686 2767 1731 cum

501 1778 646 1843 aliis
672 1777 878 1843 Deum
901 1777 1296 1843 timentibus
1328 1777 1407 1843 de
1445 1778 1544 1843 his
1571 1777 1942 1862 diligentius
1967 1782 2385 1843 tractemuS.“
2451 1778 2555 1843 Ita
2577 1799 2764 1862 pror-

502 1912 614 1957 sus
646 1891 810 1957 haec
838 1892 920 1957 in
945 1891 1165 1957 codice
1190 1890 1511 1957 Vaticano
1548 1891 1872 1975 leguntur,
1918 1912 2129 1975 neque
2154 1890 2507 1975 quidquam
2529 1896 2765 1956 notan-

501 2003 655 2070 dum
679 2008 798 2085 est,
843 2005 969 2069 nisi
1010 2003 1186 2087 quod
1210 2005 1491 2088 scriptor
1535 2007 1749 2070 totam
1779 2006 2171 2070 sententiam
2205 2025 2246 2069 a
2267 2002 2510 2069 verbis:
2559 2003 2765 2083 „Nam

502 2118 710 2183 sicut“
767 2139 973 2202 usque
1034 2118 1117 2183 ad
1185 2118 1574 2198 „illuminari
1628 2116 2012 2201 probatur,“
2080 2138 2276 2201 quam
2328 2117 2538 2199 primo
2606 2116 2764 2181 omi-

502 2234 698 2311 serat,
746 2231 1047 2314 apposito
1074 2230 1256 2314 signo
1280 2230 1874 2314 praetermissionis
1918 2231 1985 2302 in
2020 2230 2391 2294 inferiorem
2413 2229 2769 2313 marginem

502 2340 743 2408 codicis
788 2343 1030 2408 reiecit.
1122 2342 1549 2408 Amanuensis
1593 2363 1777 2423 vero,
1837 2343 2018 2408 cuius
2066 2362 2267 2427 opera
2308 2340 2565 2407 Caraffa
2607 2361 2766 2405 usus

502 2457 626 2541 est,
669 2455 967 2539 neglecto
1008 2456 1198 2539 signo
1243 2457 1310 2520 in
1333 2456 1694 2538 marginem
1719 2454 2053 2539 adscripta
2073 2461 2228 2540 post
2252 2454 2499 2537 „Deum
2533 2455 2762 2518 timen-

500 2567 716 2635 tibus“
761 2605 849 2615 —
891 2589 1043 2634 nam
1090 2570 1157 2633 in
1205 2588 1282 2633 ea
1324 2567 1523 2634 verba
1565 2568 1832 2634 ultimus
1866 2589 2092 2634 versus
2136 2568 2413 2653 paginae
2451 2568 2519 2633 in
2545 2564 2766 2632 codice

500 2680 741 2747 desinit
803 2719 892 2728 —
957 2680 1283 2747 collocans
1352 2702 1606 2747 omnem
1662 2703 1884 2747 rerum
1944 2687 2011 2747 et
2069 2680 2415 2747 verborum
2475 2679 2768 2745 ordinem

496 2795 689 2878 plane
736 2794 944 2860 solvit.

670 2906 896 2991 Neque
941 2907 1152 2973 minus
1188 2907 1448 2991 insigne
1484 2906 1661 2972 aliud
1708 2908 2073 2991 exemplum
2115 2907 2390 2974 videtur.
2491 2904 2761 2970 Litteris

499 3019 886 3104 quibusdam
953 3019 1038 3085 ad
1094 3015 1445 3104 'episcopos
1493 3018 1742 3085 Galliae
1807 3020 1978 3085 datis
2049 3019 2146 3105 (L.
2193 3020 2273 3085 11.
2322 3041 2420 3103 ep.
2469 3020 2534 3104 5)
2600 3016 2761 3083 Gre-

499 3134 717 3218 gorius
761 3133 1175 3216 gravissimas
1235 3133 1442 3197 iactat
1489 3134 1926 3216 querimonias
1995 3132 2074 3198 de
2129 3131 2440 3197 inauditis
2486 3131 2762 3214 Philippi

497 3247 668 3330 regis
694 3244 1063 3355 sceleribus.
1141 3244 1314 3326 „Nec
1339 3246 1560 3326 satiS,“
1604 3248 1834 3330 inquit,
1882 3246 2126 3325 „visum
2172 3250 2274 3310 est
2318 3245 2378 3309 ei
2419 3245 2487 3310 in
2513 3244 2760 3327 disper-

497 3358 678 3424 sione
720 3358 1155 3438 ecclesiarum,
1201 3360 1269 3422 in
1314 3359 1668 3441 adulterim,
1716 3360 1783 3424 in
1827 3359 2072 3442 rapinis
2118 3357 2625 3436 nefandissimis,
2694 3356 2760 3421 in

494 3471 793 3555 periuriis
820 3476 887 3535 et
921 3470 987 3535 in
1009 3470 1392 3536 multimoda
1412 3471 1660 3551 fraude,
1706 3470 1879 3537 unde
1905 3492 2099 3555 saepe
2124 3492 2267 3535 eum
2290 3469 2758 3554 redarguimuS,

492 3583 659 3649 iram
702 3583 824 3648 Dei
868 3584 1213 3663 meruisse3
1281 3585 1436 3667 quin
1483 3585 1680 3649 etiam
1724 3582 2218 3663 mercatoribuS,
2265 3563 2376 3667 qui
2419 3582 2498 3647 de
2538 3582 2759 3647 multis

494 3700 821 3762 terrarum
863 3696 1161 3780 partibus
1210 3696 1295 3761 ad
1338 3696 1550 3762 forum
1596 3696 1926 3780 quoddam
1969 3698 2036 3761 in
2059 3696 2338 3760 Francia
2360 3717 2569 3778 nuper
2605 3717 2759 3761 con·

494 3814 826 3889 venerant,
876 3809 1052 3893 quod
1097 3809 1376 3874 antehac
1421 3830 1462 3874 a
1502 3831 1657 3893 rege
1702 3810 1946 3875 factum
2004 3809 2204 3874 fuisse
2248 3829 2369 3873 nec
2412 3809 2480 3874 in
2522 3807 2758 3875 fabulis

491 3913 791 4003 refertur,
835 3943 1018 3987 more
1061 3920 1412 4005 praedonis
1454 3920 1775 3986 infinitam
1814 3923 2155 4005 pecuniam
2200 3920 2473 3986 abstulit
2518 3926 2602 4001 et,
2650 3922 2760 4004 qui

490 4033 708 4119 legum
748 4039 815 4100 et
857 4035 1149 4100 iustitiae
1175 4032 1477 4100 defensor
1496 4039 1644 4098 'esse
1670 4032 1915 4114 debuit,
1960 4035 2016 4098 is
2052 4034 2462 4118 potissimum
2486 4034 2760 4118 deprae-

493 4146 687 4214 dator
733 4149 970 4228 extitit,
1016 4148 1318 4213 nimirum
1360 4145 1429 4212 id
1473 4167 1693 4230 agenS,
1738 4152 1814 4211 ut
1859 4147 2030 4212 mala
2076 4168 2195 4212 sua
2243 4167 2376 4212 non
2418 4149 2548 4212 iam
2590 4147 2760 4212 infra

491 4262 807 4327 terminos
853 4262 1054 4344 regni,
1102 4259 1277 4344 quod
1322 4262 1619 4343 occupat,
1669 4258 2162 4341 concludantur,
2210 4260 2325 4359 sed
2368 4280 2487 4343 per
2533 4258 2757 4326 orbem

490 4377 819 4439 terrarum
863 4372 948 4437 ad
993 4370 1385 4438 discordiam
1428 4371 1783 4437 multorum
1841 4373 2129 4454 gentium
2175 4376 2244 4437 et
2289 4392 2492 4453 suam,
2538 4371 2753 4452 credo,

493 4484 935 4552 confusionem
980 4483 1479 4551 extendantur.“
1581 4483 1687 4552 Sic
1739 4484 1808 4551 in
1854 4483 2078 4552 codice
2121 4485 2441 4551 Vaticano
2460 4534 2476 4565 ,
2541 4503 2758 4573 neque„
