3371 5259
1442 524 1869 586 ...41-

519 679 779 755 restitui
821 693 1072 774 potest:
1142 711 1182 757 a
1223 691 1444 759 multis
1490 693 1737 759 sanctis
1801 693 2100 777 patribus
2154 696 2308 757 olim
2353 713 2484 776 pro
2530 713 2777 760 excom-

516 804 858 866 municatis
897 803 1301 869 habebantur.

687 939 938 1005 Eodem
1000 947 1134 1007 loco
1202 943 1313 1030 (M.
1362 947 1486 1009 297
1530 943 1656 1030 Α.).
1749 943 1888 1026 „Ex
1939 945 2062 1011 hoc
2105 938 2335 1029 nempe
2381 966 2577 1030 saepe
2642 947 2777 1014 vol-

517 1053 859 1120 ventibus“
903 1060 1024 1122 etc.
1105 1056 1354 1123 Malim:
1402 1078 1522 1139 „ex
1543 1057 1667 1124 hoc
1709 1077 1961 1143 nempe,
2008 1060 2180 1142 quod
2219 1058 2401 1123 nobis
2424 1080 2618 1144 saepe
2640 1061 2777 1127 vol-

517 1167 881 1234 ventibuS.“

687 1306 760 1374 L.
808 1308 946 1375 VH.
991 1329 1091 1393 ep.
1143 1314 1219 1375 17
1270 1309 1381 1396 (Μ.
1431 1313 1553 1376 302
1593 1308 1719 1393 Α.).
1787 1308 1961 1390 „Nos
2007 1311 2231 1394 itaque
2274 1311 2461 1378 iuxta
2502 1311 2780 1378 fratrum

519 1425 896 1490 nostrorum
940 1443 1329 1489 consensum
1394 1428 1592 1507 atque
1640 1422 2010 1504 consilium,
2068 1423 2245 1508 quod
2291 1444 2488 1508 supra
2539 1424 2778 1493 libera-

517 1540 658 1602 tum
701 1538 821 1617 est,
869 1535 1347 1617 confirmantes,
1391 1534 1778 1601 mandamus
1826 1534 2005 1601 vobis
2048 1539 2246 1620 atque
2281 1538 2779 1622 praecipimuS.“

518 1632 974 1729 „Liberatum“‘
1020 1648 1108 1715 ad
1148 1648 1344 1715 fidem
1401 1648 1644 1715 codicis
1691 1647 1994 1714 Vaticani
2042 1647 2329 1730 Caraffa,
2375 1650 2777 1734 posteriores

518 1760 805 1827 editores
851 1765 1276 1828 correxerunt
1339 1738 1871 1843 „deliberatum“.
1982 1760 2112 1827 Sed
2167 1761 2435 1825 libatum
2491 1762 2778 1829 scriben-

517 1871 673 1940 dum
717 1878 838 1940 est.

686 2004 763 2070 1..
809 2004 944 2071 VII.
996 2026 1097 2090 ep.
1146 2010 1223 2072 19
1272 2004 1384 2092 (Μ.
1429 2008 1551 2071 303
1596 2003 1725 2089 Α.).
1823 2002 2122 2084 „Clamor
2179 2002 2440 2071 abbatis
2484 2006 2777 2074 Aurelia-

519 2118 729 2184 censis
775 2118 1089 2200 coenobii,
1157 2117 1331 2204 quod
1389 2118 1638 2202 proprii
1688 2117 1848 2182 iuris
1901 2115 2081 2182 beati
2123 2116 2306 2184 Petri
2359 2120 2776 2187 concessione

516 2229 915 2312 fundatoriS,
962 2231 1209 2297 scilicet
1266 2230 1445 2297 beati
1490 2228 1771 2310 Giraldi,
1840 2250 1983 2296 esse
2052 2230 2441 2312 dinoscitur,
2509 2232 2777 2298 auribus

517 2346 763 2412 nostris
807 2345 1115 2425 insonuit,
1160 2344 1461 2411 videlicet
1506 2364 1705 2426 super
1750 2342 2137 2427 quibusdam
2180 2346 2497 2428 personiS,
2547 2346 2656 2430 qui
2677 2346 2776 2411 in-

403 2524 406 2528 ,
515 2457 689 2524 iuste
735 2456 1032 2523 detinent
1094 2457 1408 2523 beneficia
1469 2455 1791 2541 praedicti
1854 2457 2235 2522 monasterii
2285 2456 2458 2540 apud
2503 2478 2543 2523 a
2584 2477 2775 2542 prae-

519 2569 973 2639 decessoribus
1041 2571 1175 2640 suis
1242 2570 1363 2636 sub
1427 2567 1746 2636 fidelitate
1792 2573 1861 2635 et
1902 2568 2185 2636 hominio
2231 2591 2351 2655 pro
2397 2569 2768 2637 defensione

520 2684 830 2751 ecclesiae
897 2704 1052 2749 suae
1120 2683 1244 2749 sibi
1309 2689 1378 2749 et
1433 2683 1567 2749 suis
1633 2682 2162 2750 antecessoribus
2206 2684 2358 2749 olim
2401 2690 2773 2750 concessa.“

520 2794 777 2863 Caraffa
821 2797 1040 2863 omisit
1084 2796 1370 2881 „apud“;
1417 2817 1548 2882 quo
1592 2797 1904 2862 restituto
1948 2795 2379 2861 adiiciendum
2401 2800 2528 2884 est
2566 2815 2652 2861 ee.

688 2934 760 3002 L.
807 2934 943 3001 VII.
988 2955 1087 3022 ep.
1135 2939 1216 3001 23
1265 2936 1377 3022 (Μ.
1423 2939 1546 3003 306
1588 2935 1714 3019 Ε.).
1786 2932 1971 3016 „Non
2016 2934 2226 3000 solum
2268 2937 2507 3017 autem,
2554 2934 2669 3001 sed
2706 2939 2775 3001 et

517 3051 586 3116 in
629 3049 754 3116 hoc
796 3049 1038 3116 mundo
1106 3048 1227 3140 tibi
1291 3053 1361 3114 et
1415 3047 1763 3114 heredibus
1803 3047 1936 3112 tuis
1980 3047 2283 3130 victoria,
2349 3047 2587 3128 honor,
2655 3066 2773 3132 po·

520 3163 731 3229 tentia
746 3211 762 3243 ,
827 3162 1191 3228 sublimitas
1235 3161 1511 3246 amplius
1557 3161 1830 3226 coelitus
1886 3157 2274 3225 tribuetur.“
2362 3159 2467 3226 Sic
2511 3160 2774 3227 Vatica-

519 3295 644 3341 nus
691 3293 1041 3358 omnesque
1086 3272 1403 3354 editores,
1452 3274 1703 3363 ‘lacuna
1745 3291 2068 3356 nusquam
2109 3257 2358 3337 notata.
2452 3272 2580 3339 Sed
2622 3277 2776 3358 post

521 3390 820 3468 „autem“
881 3385 1289 3453 exciderunt:
1355 3388 1426 3448 in
1479 3388 1652 3449 coelo
1692 3384 2075 3468 ylorz‘aberz's
2130 3384 2230 3450 vel
2282 3385 2413 3451 alia
2468 3387 2784 3454 eiusmodi

521 3497 742 3566 verba.

694 3627 768 3694 L.
815 3627 953 3695 VII.
999 3648 1098 3714 ep.
1146 3631 1226 3694 26
1274 3628 1386 3714 (Μ.
1432 3631 1554 3693 309
1603 3626 1727 3713 Ε.).
1817 3626 2033 3708 „Haec
2079 3630 2147 3693 et
2200 3626 2299 3693 his
2356 3626 2588 3693 similia
2632 3648 2672 3692 a
2715 3631 2783 3695 te

521 3762 792 3809 munera
837 3744 1172 3825 optamus3
1215 3744 1293 3806 ut
1336 3742 1596 3825 integra
1644 3744 1715 3805 et
1757 3739 2028 3824 simplici
2070 3738 2333 3824 diligas,
2375 3739 2784 3806 nobilitatem

521 3859 706 3921 tuam
747 3874 1123 3939 precamur,
1191 3852 1431 3919 dilecta
1476 3852 1773 3919 obtineas
1798 3902 1814 3933 ,
1859 3852 2086 3920 habita
2126 3873 2458 3936 nunquam
2503 3851 2781 3920 derelin-

525 3972 749 4052 quaS.“
821 3965 1009 4032 Hanc
1029 3965 1330 4032 Vaticani
1371 3966 1720 4032 lectionem
1756 3963 2013 4031 Caraffa
2050 3966 2339 4047 retinuit,
2383 3965 2782 4049 posteriores

526 4079 811 4147 editores
853 4100 975 4165 pro
1019 4078 1371 4164 „simplici“
1417 4082 1845 4145 correxerunt
1883 4077 2294 4163 „simplio'ia“.
2406 4077 2626 4143 Verba
2671 4076 2782 4144 de-

524 4193 916 4277 pravarunt,
985 4211 1152 4264 non,
1180 4191 1629 4259 emendarunt.
1751 4191 2103 4275 Gregorius
2170 4191 2340 4256 enim
2403 4189 2783 4257 Mathildem

525 4304 847 4387 hortatur,
890 4308 967 4371 ut
1009 4304 1286 4372 virtutes
1330 4303 1577 4389 diligat,
1621 4324 1788 4400 quas
1829 4307 1985 4369 ante
2029 4302 2518 4370 commendavit.
2611 4302 2782 4368 Scri-

526 4415 809 4490 bendum
853 4421 957 4484 est
997 4417 1312 4504 „simplici
1353 4422 1621 4482 mente“.
