3371 5259
600 678 826 723 Editionis

579 749 838 792 Mansianae

646 822 784 861 locus.

553 906 672 954 510.
713 908 774 959 C.

555 1009 676 1059 523.
718 1010 778 1059 C.

556 1113 673 1161 523.
713 1115 773 1164 C.

553 1303 666 1354 5⁶25.
703 1304 769 1352 Ε.

553 1406 667 1455 525.
709 1407 768 1460 Ε.

555 1509 670 1562 526.
709 1512 774 1563 A.

552 1613 669 1662 533.
710 1613 765 1664 C.

548 1717 666 1767 534.
706 1717 766 1767 Β.

547 1818 663 1873 536.
701 1825 768 1872 A.

548 2010 665 2058 577.
703 2010 761 2063 Β.

544 2295 661 2345 577.

701 2294 764 2346 ,ω

545 2484 661 2534 58⁷.

547 2590 661 2638 587.

546 2696 659 2744 588.

543 2797 658 2846 588.

543 2900 658 2970 588.
698 2905 758 2954 Ε.

697 2489 765 2849 ,ῦὲἳβέθ

1464 518 1897 584 -29-

1309 742 1459 785 Lectio

1283 814 1492 863 vulgaris.

932 914 1190 983 imponat,
1225 915 1580 972 interdictum⁴

933 1019 1243 1086 sempiterni
1278 1021 1551 1089 principis,

931 1121 1259 1177 diversarum
1294 1125 1569 1192 regionum
1617 1132 1672 1180 et
1707 1142 1830 1193 pro-

998 1210 1307 1264 vinciarum·

928 1308 1100 1366 fidelis
1138 1329 1229 1367 ero
1265 1315 1424 1370 beato
1461 1316 1639 1370 Petro,

926 1432 1032 1469 non
1070 1434 1197 1486 ergo
1236 1419 1306 1471 in.

927 1519 994 1572 ad
1028 1522 1380 1576 retinendum,

926 1623 1188 1679 iustitiam
1223 1628 1475 1694 portavit.

926 1728 1086 1780 aulici
1125 1735 1178 1783 et
1199 1730 1476 1817 xvulgares

923 1846 1029 1883 non
1067 1831 1312 1901 fortuit0,
1361 1833 1456 1888 sed
1505 1840 1684 1888 vestra
1730 1851 1825 1903 po-

996 1924 1196 1973 testate
1224 1919 1397 1974 cadet.
1435 1920 1820 1975 confundatur.

923 2020 1261 2088 pontificatus
1356 2040 1481 2078 vero
1577 2024 1825 2093 Gregorii

990 2109 1204 2175 septimi
1228 2125 1366 2162 anno
1388 2118 1576 2164 octavo
1588 2111 1824 2164 nondum

990 2202 1200 2264 exact0,
1235 2196 1593 2263 praesidente.

920 2296 1209 2352 Henricum
1245 2296 1454 2367 quoque
1494 2300 1692 2356 dictum
1737 2318 1820 2354 re-

993 2400 1114 2452 gem
1149 2394 1220 2440 et.

921 2490 1226 2555 persecutio
1264 2490 1555 2559 impedivit.

919 2593 1132 2660 porticu
1165 2610 1347 2650 muros
1384 2596 1657 2664 surripuit.

920 2696 1145 2751 Henrici
1180 2699 1234 2752 in
1269 2701 1455 2754 urbem
1492 2699 1705 2754 vellent.

919 2809 1081 2869 prout
1118 2803 1309 2873 cuique
1346 2803 1558 2858 licebat.

919 2907 1332 2973 praestrinxisse
1369 2906 1614 2962 sufficiat.

1590 3293 1735 3379 IV.

2290 740 2440 781 Lectio

2160 810 2331 849 codicis
2359 809 2576 848 Vaticani.

1917 912 2158 979 imponat
2195 911 2294 965 vel,
2313 912 2675 967 interdictum.

1919 1015 2232 1082 sempiterni
2264 1015 2525 1085 principii.

1918 1121 2250 1175 diversarum
2285 1121 2694 1188 provinciarum.
2723 1186 2736 1191 ..

1912 1310 2083 1365 fidelis
2121 1327 2212 1364 ero
2250 1316 2304 1364 et
2330 1309 2617 1364 oboediens
2638 1309 2812 1363 beat0.

1912 1415 2073 1468 *Non
2110 1431 2201 1468 ero
2239 1415 2309 1468 in.
2350 1415 2414 1465 H.

1912 1518 1981 1573 ad
2015 1519 2319 1573 tenendum.

1910 1623 2208 1676 *iustitiam
2241 1622 2551 1691 portaverit.

1912 1727 2073 1781 aulici
2120 1728 2278 1782 etiam
2316 1734 2371 1781 et
2406 1727 2668 1794 vulgares.

1911 1833 2060 1885 *non
2095 1831 2338 1901 fortuita,
2374 1829 2470 1884 sed
2504 1836 2685 1883 vestra
2718 1845 2811 1897 po-

1980 1924 2179 1972 testate
2217 1917 2398 1981 cadet,
2436 1916 2807 1970 confundetur.

1909 2021 2291 2089 *pontificatus
2328 2037 2453 2075 vero
2484 2020 2661 2074 domni
2682 2021 2809 2074 Gre-

1979 2108 2115 2176 gorii
2172 2108 2384 2175 septimi
2439 2123 2615 2175 papae
2668 2123 2807 2160 anno

1979 2201 2184 2263 oetam,
2218 2193 2577 2262 praesidente.

1910 2296 2253 2352 'Heinricum
2290 2312 2499 2365 quoque
2536 2294 2606 2352 et'.

1904 2490 2208 2556 persecutio
2243 2467 2593 2557 praepedivit.

1905 2594 2145 2661 porticus
2179 2610 2362 2648 muros
2397 2593 2669 2662 surripuit.

1904 2697 2143 2751 Heinrici
2178 2698 2364 2752 urbem
2397 2698 2610 2752 vellent.
2651 2731 2658 2738 -

1903 2809 2064 2868 prout
2098 2802 2287 2871 cuique
2324 2802 2536 2856 libebat.

1902 2907 2279 2970 perstrinxisse
2314 2904 2560 2961 sufficiat.

710 3501 807 3568 En
852 3505 1364 3589 quadringentae
1418 3508 1553 3571 sere
1614 3503 2131 3584 emendationes,
2190 3526 2351 3588 quas
2408 3503 2547 3588 ipse
2595 3502 2799 3571 codex

540 3614 894 3681 Vaticanus
943 3620 1336 3701 suppeditat.
1411 3620 1652 3684 Verum
1697 3619 1865 3681 enim
1910 3639 2063 3681 vero
2106 3618 2174 3680 in
2217 3618 2663 3698 gravissimum
2698 3639 2796 3682 er-

537 3748 752 3792 rorem
797 3729 1243 3811 induceretur,
1290 3733 1399 3815 qui
1445 3731 1589 3809 sibi,
1611 3729 2067 3813 persuaderet,
2113 3731 2180 3793 in
2227 3730 2628 3794 emendando
2675 3731 2798 3795 Re-

539 3842 744 3922 gistro
783 3842 850 3906 id
897 3843 1104 3907 solum
1150 3845 1470 3926 agendum
1513 3864 1674 3923 esse,
1720 3848 1796 3907 ut
1844 3863 2036 3925 quam
2078 3843 2566 3906 accuratissime
2619 3843 2801 3907 velut

538 3954 621 4017 ad
665 3955 953 4019 litteram
995 3957 1134 4038 ipse
1182 3955 1386 4021 codex
1426 3955 1922 4020 describeretur.
1995 3956 2177 4019 Licet
2214 3956 2384 4019 enim
2407 3955 2798 4037 antiquitate

540 4067 812 4132 excellat
848 4074 914 4133 et
949 4069 1090 4133 aliis
1137 4090 1393 4152 quoque
1437 4068 1804 4134 nominibus
1847 4067 2029 4133 libris
2054 4068 2265 4132 adhuc
2290 4068 2562 4151 cognitis
2606 4067 2798 4149 longe

535 4184 860 4262 praestet,
927 4187 1148 4247 tamen
1224 4183 1482 4247 minime
1528 4181 1610 4247 ab
1657 4180 1953 4274 omnibus
1999 4179 2295 4265 partibus
2340 4201 2461 4264 pro
2505 4179 2795 4262 perfecto

539 4292 606 4351 et
650 4289 948 4358 absoluto
995 4292 1335 4359 habendus
1383 4299 1503 4359 est.
1575 4293 1651 4357 Id
1698 4295 1867 4358 enim
1908 4295 2037 4358 iam
2086 4295 2234 4359 olim
2278 4294 2346 4368 in
2381 4294 2597 4375 priore
2622 4313 2793 4355 com-

536 4404 936 4488 mqtatione
972 4428 1126 4472 ¹mea
1177 4409 1244 4473 in
1303 4406 1571 4475 dubium
1613 4406 1960 4487 vocabam,
2018 4428 2175 4476 num
2235 4408 2563 4489 integrum
2604 4404 2791 4488 Regi-
