3371 5259
1620 1780 1680 1868 L

523 1950 770 2087 Ingens
827 1992 930 2068 est
986 2021 1223 2067 nomen
1269 2000 1566 2085 Gregorii
1608 2001 1747 2071 Vn.
1805 2002 1874 2068 in
1940 2002 2283 2069 annalibus
2341 2006 2408 2069 et
2452 2004 2654 2071 sacris
2718 2009 2786 2071 et

520 2114 830 2198 profanis.
940 2114 1107 2180 Nam
1172 2116 1240 2180 in
1306 2118 1497 2179 tanta
1555 2114 1722 2180 serie
1773 2115 2153 2198 pontificum
2197 2115 2635 2183 Romanorum
2678 2119 2784 2184 vix

525 2227 690 2293 alius
769 2228 1112 2312 quisquam
1176 2232 1478 2311 repertus
1547 2229 1674 2308 est,
1761 2229 1874 2311 qui
1965 2232 2366 2295 commutata
2443 2231 2783 2298 universae

524 2340 835 2407 ecclesiae
883 2340 1253 2406 conditione
1300 2345 1607 2424 statuque
1644 2318 1995 2424 regnorum
2030 2341 2443 2408 vehementer
2466 2364 2782 2411 concusso

523 2454 728 2537 magis
773 2474 977 2537 genus
1020 2454 1374 2523 humanum
1418 2474 1624 2536 usque
1669 2452 1757 2518 ad
1800 2454 2150 2519 novissima
2183 2459 2482 2539 tempora
2504 2478 2785 2524 commo-

522 2567 689 2632 verit
733 2588 810 2634 ac
852 2566 1355 2652 perturbaverit
1443 2566 1705 2632 Minime
1750 2566 1949 2650 igitur
1999 2567 2366 2635 mirandum
2410 2575 2543 2652 est,
2611 2572 2787 2657 quod

447 2729 465 2740 ,
525 2679 605 2746 (16
647 2681 903 2765 ingenio
951 2685 1019 2747 et
1063 2681 1346 2747 consiliis
1409 2680 1753 2764 singularis
1799 2679 1969 2745 illius
2012 2681 2133 2746 viri
2178 2681 2342 2748 alius
2400 2683 2593 2750 aliter
2637 2706 2784 2751 sen-

524 2793 649 2858 tire
699 2794 883 2875 solet,
930 2793 1108 2878 quod
1151 2794 1371 2859 multis
1415 2793 1710 2876 placent,
1779 2814 1946 2876 quae
1990 2814 2030 2858 a
2072 2793 2366 2876 pluribus
2410 2797 2783 2882 improban-

523 2910 661 2987 tur,
708 2906 883 2990 quod
927 2907 1028 2973 vel
1069 2906 1611 2990 prudentissimos
1655 2905 1977 2986 homines,
2024 2927 2171 2971 cum
2214 2907 2296 2974 de
2336 2908 2782 2978 Hildebrando

527 3020 855 3084 sententia
888 3018 1159 3084 ferenda
1203 3023 1323 3099 est,
1359 3020 1427 3083 in
1472 3018 1840 3084 contrarias
1862 3022 2086 3102 partes
2114 3018 2449 3087 discedere
2473 3023 2780 3090 videmus.

525 3130 750 3217 Neque
788 3131 1192 3213 crediderim,
1236 3131 1377 3198 fore
1422 3139 1499 3195 ut
1541 3152 1831 3214 unquam
1877 3130 1957 3196 de
2004 3151 2080 3197 eo
2125 3131 2298 3197 idem
2343 3155 2563 3201 omnes
2609 3158 2782 3203 com-

525 3245 703 3309 muni
748 3217 1075 3310 sententia
1119 3247 1445 3326 statuant,
1507 3265 1653 3309 cum
1699 3265 1843 3309 eam
1895 3247 2422 3328 controversiam,
2469 3269 2665 3331 quam
2702 3249 2782 3315 de

478 3447 482 3458 Ι
526 3356 763 3422 finibus
804 3358 978 3423 inter
1043 3357 1383 3423 ecclesiam
1449 3360 1517 3423 et
1556 3356 2023 3441 rempublicam
2060 3358 2533 3425 constituendis
2577 3381 2781 3458 quop-

529 3470 679 3536 dam
721 3471 969 3550 intulit,
1035 3470 1406 3536 etiamnunc
1449 3471 1557 3554 agi
1598 3470 1933 3537 videamus
1976 3491 2108 3536 non
2164 3472 2301 3537 sine
2344 3493 2581 3556 magna
2644 3475 2782 3540 ani-

525 3591 780 3650 mo'rum
821 3584 1208 3649 irritatione.
1781 3665 1788 3672 ⁶

698 3696 1161 3762 Verumtamen
1205 3695 1274 3760 id
1315 3695 1471 3761 mihi
1509 3716 1642 3761 non
1704 3696 1911 3761 solum
1954 3694 2477 3777 admirationem,
2523 3697 2639 3762 sed
2680 3698 2780 3763 in-

526 3809 967 3896 dignationem
1035 3807 1365 3893 quandam
1428 3813 1677 3888 movet,
1747 3806 1923 3892 quod
1984 3807 2275 3892 plerique
2336 3809 2414 3875 de
2484 3808 2782 3893 Gregorii

529 3924 811 3991 consiliis
878 3921 1219 4005 disputant
1276 3922 1464 4004 quasi
1521 3920 1602 3985 de
1646 3919 1845 3985 rebus
1893 3922 2134 3986 crassis
2179 3920 2467 3986 tenebris
2512 3923 2781 3988 circum-

527 4036 706 4117 fusis,
754 4035 833 4101 (16
877 4033 1110 4119 quibus
1153 4034 1259 4099 vix
1303 4032 1655 4117 quidquam
1698 4034 1938 4098 certius
1985 4038 2051 4097 et
2097 4033 2247 4098 sciri
2281 4038 2347 4099 et
2391 4032 2519 4099 dici
2539 4035 2779 4118 possit;

528 4169 921 4234 quamquam
961 4146 1139 4213 facta
1195 4147 1334 4212 eius
1388 4144 1628 4211 nemini
1668 4166 1803 4211 non
1845 4149 2007 4211 nota
2052 4150 2235 4227 sunt,
2292 4150 2359 4240 et
2398 4147 2565 4230 ipse,
2628 4146 2784 4230 quid

528 4262 950 4346 spectaverit,
1025 4261 1308 4345 ingenua
1372 4259 1570 4325 animi
1639 4258 2051 4343 simplicitate
2116 4279 2309 4342 quam
2375 4259 2781 4342 apertissime

528 4373 825 4440 omnibus
867 4372 1233 4440 hominibus
1291 4369 1664 4437 declaravit.
1773 4371 2059 4436 Exstant
2099 4371 2295 4444 ‚enim
2337 4371 2784 4437 commentarii

528 4485 666 4553 eius
713 4490 791 4553 et‘
824 4485 1137 4572 epistolae
1175 4484 1567 4568 permultae,
1620 4485 1689 4550 in
1734 4482 1968 4567 quibus
2023 4482 2162 4567 ipse
2181 4546 2190 4552 ,
2207 4487 2418 4550 totam
2460 4485 2784 4551 rationem

2404 4605 2480 4659 1*
