3371 5259
1516 560 1904 622 ...3.-

586 726 811 812 populi
854 727 1170 793 Romani“
1227 730 1400 813 typis
1455 730 1822 814 exscriptus
1878 732 1947 797 in
1988 729 2316 815 publicum
2355 730 2617 815 prodiit.
2705 729 2845 796 Pri-

587 861 761 906 mam
802 839 973 906 hanc
1018 839 1369 907 editionem
1414 843 1837 927 epistolarum
1878 843 2383 928 pontificiarum,
2429 864 2616 929 quae,
2640 862 2846 927 usque

587 952 675 1018 ad
731 950 1027 1037 Gregorii
1084 952 1222 1019 VH.
1289 959 1575 1020 aetatem
1624 956 1946 1041 perducta
2008 961 2137 1037 est,
2205 958 2526 1023 Antonius
2592 953 2849 1021 Caraffa

591 1064 654 1131 S.
679 1064 755 1130 R.
778 1066 852 1129 E.
877 1064 1411 1132 bibliothecarius
1453 1067 1909 1150 adornaverat,
1954 1075 2022 1135 et
2059 1069 2255 1154 paulo
2297 1073 2451 1154 post
2494 1070 2632 1135 eius
2676 1088 2848 1132 mor-

588 1181 737 1243 tem·
782 1176 1106 1243 Antonius
1163 1177 1452 1263 Aquinas
1526 1180 1792 1247 iubente
1859 1181 2173 1267 Gregorio
2240 1166 2409 1249 XIV.
2477 1181 2851 1248 absolutum

591 1310 755 1373 opus
796 1289 976 1356 foras
1023 1290 1228 1356 edidit
1254 1293 1320 1377 ¹).
1394 1292 1667 1374 Garaffa,
1716 1315 1861 1360 cum
1907 1294 1987 1360 de
2033 1294 2283 1361 edendo
2330 1287 2629 1379 Registro
2678 1292 2850 1377 cogi·

589 1405 799 1483 taret,
859 1403 1103 1490 optimo
1149 1403 1408 1488 quidem
1458 1405 1568 1472 illo
1605 1405 1867 1488 codice,
1934 1428 2122 1491 quem
2177 1428 2376 1491 supra
2428 1406 2851 1485 laudavimus,

593 1516 832 1601 quique
873 1515 941 1583 in
982 1515 1310 1583 tabulario
1344 1518 1664 1584 Vaticano
1711 1520 1769 1584 ei
1812 1523 2079 1604 praesto
2118 1523 2279 1600 erat,
2325 1540 2484 1585 usus
2531 1523 2692 1599 erat,
2739 1519 2856 1584 sed

592 1648 756 1711 opus
799 1628 1241 1712 praecipitans
1299 1651 1340 1695 a
1387 1631 1742 1716 negligenti
1798 1631 2082 1716 quodam
2126 1634 2193 1697 et
2241 1632 2541 1715 imperito
2586 1629 2851 1696 librario

593 1741 883 1808 codicem
926 1741 1279 1808 transcribi
1333 1744 1635 1809 iusserat.
1724 1744 2108 1810 Mendosnm
2151 1744 2286 1819 ,hoc
2327 1743 2689 1827 exemplum
2731 1762 2853 1825 pro

594 1854 782 1921 dolor
845 1852 1340 1921 fundamentum
1403 1857 1650 1939 primae
1716 1857 2113 1922 recensionis
2171 1859 2335 1922 erat.
2425 1853 2563 1933 Quo
2609 1854 2855 1920 factum

594 1971 714 2049 est,
760 1968 837 2031 ut
882 1986 1346 2051 saepenumero
1393 1969 1648 2052 singula
1691 1968 1892 2035 verba
1934 1973 2052 2034 aut
2095 1972 2504 2034 mutarentur
2526 1970 2642 2033 aut
2661 1967 2856 2051 plane

595 2080 1083 2160 omitterentur,
1161 2079 1493 2147 interdum
1549 2103 1777 2147 versus
1857 2083 2096 2166 integri
2165 2082 2234 2147 in
2300 2081 2582 2147 alienum
2642 2080 2858 2146 locum

593 2196 1184 2276 transponerentur
1229 2197 1346 2259 aut
1381 2194 1639 2259 omnino
1687 2194 2082 2276 exciderent,
2128 2194 2237 2260 alii
2279 2193 2654 2278 frequentes
2678 2213 2857 2258 erro·

594 2325 701 2372 res
742 2304 1265 2387 admitterentur,
1312 2286 1423 2390 qui
1467 2307 1690 2372 codice
1735 2328 1866 2372 non
1890 2306 2183 2373 adhibito
2229 2327 2422 2391 aegre
2468 2326 2509 2370 a
2531 2324 2858 2390 quoquam

596 2417 834 2501 corrigi
875 2422 1167 2500 possent.
1254 2418 1489 2484 Mirum
1532 2417 1827 2503 profecto
1876 2423 1996 2501 est,
2041 2418 2217 2504 quod
2261 2418 2518 2485 Caraffa
2559 2439 2859 2485 nonnun-

597 2552 793 2616 quam
837 2531 1024 2614 quasi
1067 2552 1218 2597 suas
1266 2532 1674 2598 coniecturas
1720 2532 1996 2616 margini
2039 2531 2387 2617 adscripsit
2426 2530 2646 2612 verba,
2692 2550 2860 2616 quae

596 2645 683 2711 ad
725 2646 1016 2711 litteram
1079 2666 1224 2710 cum
1288 2646 1433 2729 ipsa
1497 2646 1739 2712 codicis
1793 2645 2073 2711 lectione
2130 2646 2549 2726 conveniunt3
2615 2666 2746 2730 qua
2787 2666 2859 2710 re

599 2779 746 2824 eum
786 2756 1036 2823 librarii
1082 2758 1202 2843 sni,
1247 2758 1380 2824 non
1424 2758 1665 2826 codicis
1709 2764 2146 2825 correctorem
2191 2779 2261 2824 se
2293 2758 2701 2841 praestitisse
2723 2779 2859 2824 ma-

596 2870 903 2937 nifestum
947 2872 1066 2935 est.

773 2983 866 3050 Ut
921 2984 1254 3067 corruptio
1308 2984 1606 3050 lectionis
1625 3035 1640 3066 ,
1710 2986 1920 3072 qualis
1985 2986 2116 3051 iam
2178 2984 2249 3049 in
2310 2982 2521 3067 prima
2576 2968 2863 3049 editione

601 3094 815 3176 fuerit,
861 3095 1089 3161 melius
1110 3097 1391 3180 perspici
1428 3098 1656 3180 possit,
1706 3099 2001 3182 exempla
2034 3096 2357 3182 quaedam
2398 3096 2678 3180 insignia
2710 3117 2863 3191 pro-

601 3208 771 3275 ferre
811 3206 1078 3273 iuvabit.
1169 3207 1522 3294 Gregorius
1565 3211 1632 3275 in
1672 3212 1897 3294 primis
1938 3211 2208 3290 litteris,
2276 3230 2438 3293 quas
2494 3208 2580 3273 ad
2623 3208 2865 3276 Rudol-

601 3321 737 3387 fum
782 3319 1138 3387 Suevorum
1183 3323 1410 3388 ducem
1457 3321 1639 3387 dedit
1685 3321 1852 3407 (Lib.
1897 3323 1946 3388 Ι.
2006 3344 2104 3406 ep.
2158 3323 2299 3407 19),
2341 3322 2503 3387 haec
2546 3322 2673 3387 ait:
2719 3321 2864 3403 „Li-

470 3459 475 3466 ”
605 3438 712 3500 cet
757 3454 836 3498 ex
878 3434 1253 3516 praeteritis
1297 3434 1658 3501 nobilitatis
1703 3440 1858 3501 tuae
1895 3435 2127 3500 studiis
2172 3435 2437 3516 clareat,
2482 3438 2552 3499 te
2596 3438 2865 3500 sanctae

604 3546 935 3612 Romanae
988 3548 1300 3615 ecclesiae
1356 3548 1671 3614 honorem
1729 3548 1995 3634 diligere
2015 3598 2030 3629 ,
2076 3568 2248 3614 nunc
2305 3552 2557 3627 tamen,
2618 3551 2864 3632 quanto

603 3668 808 3752 ipsius
854 3682 1075 3731 amore
1112 3662 1365 3727 ferveas
1412 3666 1857 3745 quantumque
1914 3666 2211 3728 caeteros
2266 3661 2526 3726 illarum
2579 3660 2867 3743 partium

604 3780 930 3864 principes
976 3774 1264 3843 eiusdem
1309 3775 1548 3840 amoris
1592 3774 2039 3859 magnitudine
2083 3772 2542 3854 transcendas,
2605 3771 2867 3837 litterae

607 3895 762 3958 tuae
804 3890 993 3974 nobis
1036 3887 1462 3954 transmissae
1518 3887 1851 3953 evidenter
1896 3887 2247 3971 exponunt.
2338 3882 2516 3962 Quae
2566 3884 2869 3950 nimirum

607 4006 780 4072 inter
821 4006 1087 4070 caetera
1141 3999 1500 4067 dulcedinis
1562 4020 1719 4065 suae
1764 3999 1964 4066 verba
2024 3998 2185 4064 illud
2237 3996 2425 4063 nobis
2478 3995 2868 4062 videbantur

612 4118 948 4186 consulere
974 4165 989 4196 ,
1054 4136 1172 4199 per
1227 4111 1403 4198 quod
1440 4116 1508 4176 et
1555 4116 1770 4177 status
1825 4111 2076 4195 imperii
2120 4109 2462 4194 gloriosius
2506 4109 2755 4192 regitur
2799 4111 2868 4174 et

612 4234 880 4300 sanctae
926 4227 1237 4340 eolesiae
1281 4223 1462 4308 vigor
1499 4222 1838 4305 solidatur,
1874 4221 2174 4288 videlicet
2217 4225 2292 4286 ut
2329 4219 2766 4287 sacerdotium
2801 4224 2869 4288 et

650 4477 708 4543 1)
744 4474 882 4530 Mar.
913 4471 1109 4527 Marini
1140 4465 1495 4537 Diplomatica
1526 4462 1797 4534 pontificia
1827 4480 1882 4532 p.
1918 4465 1970 4514 8.
