3371 5259
1520 509 1950 570 -38-

604 677 817 742 factus
864 681 995 756 est,
1043 677 1401 743 serviatis.“
1505 677 1930 745 Scribendum
1973 682 2163 763 puto:
2233 677 2401 744 colla
2442 680 2662 744 vestra
2703 677 2865 739 rele-

604 792 783 875 vetis,
828 792 1048 872 iuqu'm
1094 788 1233 855 eius
1276 791 1699 856 excutientes.

778 899 852 965 L.
902 902 978 966 V.
1037 922 1137 985 ep.
1195 908 1232 966 4
1295 904 1408 989 (M.
1457 908 1579 968 239
1627 903 1752 988 Α.).
1878 903 2208 988 „Misimus
2274 903 2361 968 ad
2424 923 2539 969 vos
2600 900 2869 966 fratrem

610 1017 910 1079 nostrum
953 1013 1345 1080 Landulfum
1388 1015 1663 1088 Pisanae
1715 1015 2027 1082 ecclesiae
2091 1017 2158 1081 in
2188 1086 2196 1095 ,
2225 1016 2657 1100 episcopum.“
2766 1011 2871 1077 Sic

608 1125 985 1215 Vaticanus.
1073 1127 1381 1193 Editores
1428 1148 1650 1193 omnes
1694 1128 2040 1194 lectionem
2078 1129 2147 1196 in
2190 1129 2360 1194 hunc
2399 1126 2662 1193 modum
2702 1123 2871 1191 male

607 1242 1056 1304 mutaverunt:
1106 1239 1416 1320 „fratrem
1459 1244 1751 1307 vestrmri
1786 1238 2241 1325 Landulphum
2261 1241 2537 1306 Pisanae
2562 1238 2873 1305 ecclesiae

613 1352 1047 1436 episcopum.“
1174 1351 1339 1418 Nam
1405 1358 1473 1418 et
1537 1352 2014 1419 restituendum
2061 1358 2164 1420 est
2224 1357 2598 1434 „nostrum“
2645 1355 2712 1416 et
2751 1371 2872 1434 pro

532 1444 535 1451 ἱ
614 1466 759 1544 ‚,in“
805 1463 1218 1530 scribendum
1261 1470 1544 1543 electum.
1635 1465 1729 1531 cf.
1775 1466 1845 1530 L.
1871 1465 1946 1530 V.
1991 1486 2088 1549 ep.
2138 1471 2204 1530 2:
2255 1466 2582 1546 „misimus
2629 1464 2715 1530 ad
2757 1483 2872 1528 vos

613 1575 786 1642 hunc
830 1576 1103 1642 fratrem
1147 1582 1445 1644 nostrum
1491 1578 1881 1644 Landulfum
1922 1578 2199 1644 Pisanae
2246 1578 2556 1644 ecclesiae
2600 1577 2875 1643 electum

619 1690 1053 1774 episcopum.“
1666 1740 1673 1751 ,

788 1799 860 1867 L.
906 1800 1129 1886 V.'ep.
1180 1807 1256 1868 14
1305 1802 1415 1888 (Μ.
1465 1808 1587 1868 247
1633 1802 1759 1886 Ε.).
1863 1803 2213 1885 „Nostram
2259 1801 2669 1869 diffinitivam
2731 1821 2877 1867 sen-

618 1915 912 1995 tentiam,
955 1935 1038 1979 ne
1079 1914 1295 1981 facere
1340 1917 1586 2001 aliquid
1643 1938 1841 2002 super
1882 1895 2033 1982 hoc‘
2060 1917 2322 2000 negotio
2368 1915 2881 1999 praecipitanter

621 2032 688 2093 et
732 2026 1105 2095 inordinate
1146 2027 1528 2110 videremur,
1576 2029 2003 2113 quoadusque
2026 2028 2210 2094 vobis
2255 2032 2373 2110 aut
2415 2029 2722 2093 nuncium
2768 2047 2882 2094 seu

622 2140 879 2205 litteras
923 2145 1206 2221 nostras,
1248 2162 1366 2224 per
1407 2140 1582 2224 quod
1625 2143 1841 2207 omnia
1874 2141 2160 2207 eiusdem
2189 2141 2435 2224 negotii
2459 2145 2609 2205 acta
2628 2139 2881 2223 plenius

512 2342 521 2351 ι
624 2273 1123 2336 cognoscamuS,
1182 2253 1577 2337 suspendere
1636 2253 1900 2339 dignum
1968 2253 2326 2319 duximus.“
2416 2253 2738 2319 Omissum
2783 2255 2884 2317 est

622 2369 778 2449 post
821 2368 1165 2444 „nostras“
1209 2369 1577 2443 mittamus;
1622 2387 1750 2451 quo
1776 2366 2051 2446 adiecto,
2096 2367 2163 2431 in
2186 2366 2364 2431 nulla
2386 2386 2457 2430 re
2483 2364 2883 2431 offendimus.

626 2476 884 2543 Caraffa
928 2499 1079 2544 vero
1129 2479 1346 2544 omnia
1389 2479 1668 2560 novavit,
1714 2491 1859 2545 c'um
1897 2481 1965 2545 in
2009 2479 2180 2544 hunc
2224 2469 2507 2544 modum,
2527 2477 2743 2544 locum
2785 2481 2884 2563 ty-

624 2590 725 2676 pis
772 2588 1220 2656 excudendum
1243 2598 1508 2661 ,curaret
1541 2592 2005 2677 „quoadusque
2051 2590 2239 2658 nobis
2263 2596 2380 2658 aut
2422 2591 2727 2658 nuncium
2772 2610 2887 2657 seu

624 2702 881 2769 litteras
926 2707 1180 2769 vestras
1223 2705 1520 2786 mittatis,
1565 2727 1702 2789 per¹
1727 2710 1930 2789 quas“
1977 2710 2099 2774 etc.
2921 2741 2924 2744 ·

798 2815 871 2881 L.
918 2815 1030 2882 VI.
1073 2838 1172 2901 ep.
1223 2823 1251 2882 1
1304 2818 1416 2903 (Μ.
1466 2823 1589 2883 256
1635 2819 1767 2897 D.).
1869 2816 2040 2897 „Sed
2083 2817 2236 2900 quia
2278 2818 2574 2901 pervenit
2618 2815 2705 2882 ad
2746 2837 2887 2898 nOS,

629 2928 804 3014 quod
846 2929 1087 2994 inimici
1121 2931 1243 2994 Dei
1287 2936 1355 2994 et
1397 2929 1511 2995 filii
1555 2929 1798 2996 diaboli
1844 2928 2105 3013 quidam
2146 2929 2320 3013 apud
2365 2951 2478 2995 vos
2521 2936 2753 2995 contra
2790 2929 2889 2994 in-

627 3041 981 3107 terdictum
1045 3043 1444 3125 apostolicae
1511 3043 1684 3108 sedis
1749 3042 2158 3127 praedictum
2216 3046 2602 3109 conventum
2655 3062 2888 3126 procu-

628 3158 778 3222 rent
820 3154 888 3220 in
930 3154 1186 3220 irritum
1232 3155 1468 3221 ducere
1536 3159 1604 3220 et
1646 3176 1778 3221 non
1822 3156 2092 3235 iustitia,
2162 3154 2627 3239 sed-superbia
2670 3145 2748 3220 ac
2788 3158 2890 3220 to-

506 3313 509 3316 >
630 3269 761 3360 tius
806 3268 991 3352 regni
1033 3255 1458 3334 desolatione*
1505 3289 1656 3334 suas
1725 3266 2119 3352 cupiditates
2165 3266 2471 3332 anhelent
2512 3267 2779 3352 implere
2825 3271 2892 3333 et

633 3381 1055 3446 christianam
1112 3381 1491 3463 religionem
1535 3380 1892 3460 destruere,
1935 3399 2270 3445 monemus
2313 3386 2468 3446 vos“
2512 3383 2634 3445 etc.
2661 3420 2742 3430 -
2776 3400 2892 3461 „ac

631 3494 837 3560 totius
891 3494 1076 3577 regni
1130 3491 1575 3559 desolatione“
1638 3491 2022 3578 Gregorius,
2090 3492 2267 3576 quod
2333 3490 2633 3577 equidem
2685 3492 2892 3573 vide0,

634 3609 918 3676 scribere
961 3630 1094 3675 non
1138 3609 1373 3692 potuit.
1487 3605 1707 3671 Verba
1771 3626 1917 3670 mea
1984 3607 2312 3671 sententia
2355 3607 2449 3672 sic
2490 3603 2894 3672 emendanda

635 3727 818 3789 sunt:
865 3723 958 3785 ad
992 3703 1206 3788 *totius
1251 3720 1434 3805 regni
1478 3722 1954 3783 desolationem.
2273 3730 2279 3738 ·

805 3835 878 3900 L.
924 3834 1045 3924 VI.
1079 3855 1177 3918 ep.
1221 3838 1261 3899 4
1309 3834 1420 3919 (M.
1469 3837 1592 3898 260
1625 3832 1753 3917 Α.).
1825 3830 2082 3913 „Lectis
2127 3830 2557 3897 fraternitatis
2592 3835 2746 3897 tuae
2789 3829 2897 3895 lit-

638 3949 797 4014 teris
819 3968 951 4014 non
972 3968 1204 4032 parum
1246 3947 1465 4011 mirati
1509 3966 1750 4027 samue,
1794 3937 1940 4011 non'
1972 3965 2050 4009 ea
2091 3947 2158 4008 te
2206 3964 2335 4028 qua
2377 3943 2594 4008 decuit
2629 3948 2895 4027 aposto-

634 4063 826 4128 licam
850 4060 1070 4127 sedem
1091 4081 1211 4144 pro
1255 4059 1622 4125 reverentia
1665 4055 1790 4123 sibi
1833 4058 2189 4141 scripsisse,
2229 4056 2549 4123 sed·nos“
2594 4060 2717 4121 etc.
2791 4056 2895 4123 Sic

637 4175 1012 4254 Vaticanus,
1060 4193 1250 4257 quem
1274 4193 1496 4238 omnes
1536 4170 1819 4260 editores
1867 4171 2004 4236 sine
2044 4170 2178 4257 ulla
2214 4168 2617 4236 dubitatione
2641 4168 2899 4253 sequuti

642 4293 811 4355 sunt.
879 4288 1136 4353 Desunt
1178 4307 1331 4352 vero
1376 4265 1871 4370 post⁸„decuit“
1915 4283 2104 4366 plura
2137 4282 2362 4350 verba:
2408 4283 2720 4345 modestia
2740 4299 2899 4364 crya

641 4399 743 4468 vel
780 4399 1030 4469 similia.
