3371 5259
1566 538 1649 549 ....
1739 506 1819 567 32
1890 527 1993 550 -....

820 671 1083 739 Modum
1134 673 1328 745 huius
1375 675 1939 740 commentationis
1983 676 2176 757 longe
2220 671 2632 754 excederem,
2701 674 2756 741 si
2831 671 2910 739 de

653 785 948 852 omnibus
996 788 1339 852 sententiis
1384 788 1483 851 vel
1528 788 1742 853 verbis
1790 810 1920 852 una
1973 789 2260 853 alterave
2317 789 2571 852 ratione
2615 787 2683 852 in
2727 786 2908 851 Vati-

653 919 816 963 cano
864 901 1187 982 corruptis
1233 899 1334 963 liic
1381 904 1648 965 acturus
1696 921 1933 979 essem;
1981 922 2190 984 neque
2236 902 2302 965 in
2347 901 2423 964 iis
2450 898 2747 964 omnibus
2790 900 2905 963 im·

651 1014 893 1079 morari
936 1015 1116 1092 licet,
1182 1036 1343 1096 quas
1390 1013 1471 1077 de
1517 1014 1893 1078 coniectura
1938 1035 2206 1079 sanasse
2251 1014 2404 1078 mihi
2448 1013 2690 1078 videor.
2782 1011 2904 1075 Ve-

650 1148 795 1189 rum
840 1127 1010 1190 viros
1071 1125 1300 1191 doctos
1348 1127 1431 1190 ad
1494 1126 1614 1190 has
1677 1148 1783 1191 res
1838 1126 2320 1209 investigandas
2377 1126 2670 1190 curiosos
2716 1125 2906 1208 aequi

636 1238 918 1321 bonique
963 1239 1376 1303 consulturos
1421 1260 1565 1303 esse
1622 1261 1846 1321 spere,
1916 1241 1971 1304 si
2015 1239 2338 1304 nonnullis
2386 1239 2693 1322 exemplis
2739 1238 2904 1302 viam

639 1351 835 1432 paulo
890 1331 1273 1415 'distinctius
1342 1350 1641 1430 doceam,
1712 1373 1878 1434 quae
1933 1374 2079 1416 mea
2145 1351 2403 1435 quidem
2450 1351 2776 1415 sententia
2820 1348 2903 1413 ad

642 1464 987 1528 lectionem
1033 1463 1273 1528 codicis
1321 1464 1784 1528 emendandam
1835 1466 2216 1550 instituatur
2257 1468 2542 1546 oportet.

808 1575 882 1639 L.
926 1577 972 1639 Ι.
1021 1598 1119 1659 ep.
1175 1582 1245 1639 ll
1300 1577 1410 1660 (M.
1440 1582 1518 1641 68
1546 1576 1664 1660 0.).
1714 1577 2131 1660 „Quicunque
2178 1597 2331 1659 ergo
2379 1577 2511 1641 sive
2558 1596 2671 1658 spe
2712 1574 2899 1639 huius

636 1688 737 1752 vel
782 1689 1015 1752 timore
1062 1689 1232 1752 illius
1275 1690 1341 1752 in
1386 1694 1679 1771 tempore
1726 1690 2175 1772 temptationis
2221 1688 2304 1753 ab
2349 1688 2468 1767 his,
2517 1709 2682 1770 quae
2715 1691 2898 1753 recta

638 1806 807 1881 sunt,
855 1799 1103 1879 deviat,
1167 1822 1286 1865 nec
1356 1821 1619 1884 sperare
1678 1802 1746 1864 in
1791 1801 1998 1865 Deum
2044 1822 2163 1864 nec
2220 1799 2581 1865 divinarum
2627 1799 2896 1882 eloquiis

638 1915 1108 1995 scripturarum
1155 1935 1224 1977 se
1249 1913 1557 1977 adhibere
1581 1912 2017 1977 manifestat.“
2089 1913 2193 1977 Sic
2216 1912 2589 1976 Vaticanus,
2643 1910 2898 1976 Caraffa

598 2082 601 2093 .
633 2048 752 2108 pro
801 2025 1188 2105 „adl1ibere“
1228 2026 1489 2108 scripsit
1526 2027 1885 2089 adhaerere.
1959 2025 2182 2108 Neque
2207 2030 2426 2091 tamen
2449 2023 2696 2103 dubit0‚
2743 2023 2898 2106 quin

638 2142 791 2201 ante
838 2137 1227 2219 „adhibere“
1275 2137 1588 2202 exciderit
1616 2139 1847 2219 fidem.

806 2249 876 2313 L.
936 2250 984 2314 I.
1045 2272 1142 2332 ep.
1197 2255 1271 2335 1‚7
1344 2250 1453 2335 (Μ.
1499 2256 1579 2313 74
1626 2251 1751 2334 Β.).
1821 2251 2160 2330 „Fratrem
2223 2248 2511 2314 vest‘rum
2579 2248 2899 2313 attentius

632 2363 1011 2442 hortemini,
1081 2364 1387 2445 quatinus
1444 2364 1811 2446 legatorum
1874 2367 2249 2427 nostrorum
2305 2362 2569 2426 monitis
2638 2361 2899 2426 debitae

635 2474 1044 2539 obedientiae
1090 2496 1313 2539 aurem
1358 2476 1622 2540 inclinet
1663 2480 1729 2539 et
1753 2474 2059 2558 quicquid
2101 2476 2389 2539 iustitiae
2416 2474 2539 2539 sibi
2563 2494 2898 2557 suggesse-

634 2589 766 2653 rint
811 2627 893 2636 —
939 2627 1022 2652 -÷
1061 2625 1142 2634 -
1184 2627 1263 2637 -
1312 2588 1411 2654 vel
1457 2611 1535 2654 ex
1578 2590 1657 2654 iis
1702 2588 2101 2672 praeiudicio
2134 2588 2531 2671 pergravari,
2577 2587 2756 2652 nulla
2779 2585 2902 2652 sibi
2973 2659 2978 2664 ,

635 2700 717 2765 ab
762 2701 885 2766 hac
930 2702 1204 2765 ecclesia
1249 2701 1582 2766 audientia
1627 2702 2115 2786 denegabitur.“
2186 2701 2382 2764 Plura
2426 2701 2728 2780 librarius
2773 2699 2899 2764 Va-

633 2815 833 2878 ticani
877 2814 1111 2893 omisit,
1157 2813 1392 2879 lacuna
1435 2820 1588 2898 post
1632 2816 2158 2897 „suggesserint“
2184 2814 2432 2878 relicta.
2495 2813 2623 2878 Sed
2646 2813 2902 2879 Caraffa

781 3174 950 3242 spicio
974 3189 1081 3227 non
1104 3173 1293 3228 abesse
1316 3171 1575 3240 videatur,
1609 3173 1736 3240 quin
1772 3172 1971 3224 librarii
2006 3170 2062 3224 id
2097 3186 2307 3239 quoque
2343 3172 2558 3240 saepius
2581 3169 2902 3236 admiserint,

780 3275 840 3323 ut
875 3268 1117 3337 Gregorii
1151 3268 1325 3323 verbis
1361 3284 1459 3322 sua
1491 3274 1694 3321 temere
1731 3267 2107 3335 admiscerent3
2143 3267 2284 3335 quod
2305 3268 2450 3322 haud
2474 3268 2632 3322 dubie
2665 3280 2903 3321 nonnun-

780 3379 936 3431 quam
972 3363 1170 3418 factum
1223 3372 1330 3431 est,
1367 3363 1462 3418 sed
1504 3364 1776 3432 plerisque
1812 3362 2183 3442 additamentis
2224 3365 2328 3418 iam
2372 3365 2427 3418 in
2470 3358 2901 3432 recognoscendo

777 3459 912 3512 libro
949 3458 1137 3514 deletis
1173 3474 1344 3525 pauca
1381 3459 1708 3526 reliquerunt
1742 3459 1893 3513 nobis
1929 3459 2295 3528 expungenda.
2367 3460 2686 3526 Exemplum
2719 3452 2905 3525 depre-

777 3553 1055 3607 hendimus
1107 3557 1158 3637 ip
1204 3555 1549 3621 inscriptione
1588 3571 1671 3621 ep.
1713 3557 1743 3603 2
1785 3554 1905 3608 libri
1940 3555 2060 3608 VII.
2101 3556 2200 3619 (M.
2241 3557 2339 3606 289
2375 3556 2496 3625 Α.),
2549 3554 2638 3608 ubi
2671 3553 2726 3606 in
2760 3548 2905 3606 Vati-

779 3665 911 3702 cano
946 3650 1081 3704 haec
1116 3651 1390 3716 leguntur:
1427 3650 1751 3719 „Gregorius
1802 3657 1890 3700 etc.
1937 3649 2171 3705 Lu'censi
2218 3652 2361 3705 clero
2410 3657 2464 3706 et
2507 3650 2707 3719 populo
2750 3660 2903 3700 exce·

778 3746 885 3810 ptis
920 3745 1021 3812 his,
1044 3746 1259 3811 quinon
1288 3746 1672 3799 communicant
1706 3762 1880 3813 neque
1916 3746 2253 3800 consentiunt
2269 3746 2662 3802 communicatis
2678 3743 2906 3798 salutem

780 3838 907 3890 etc.“
978 3839 1302 3908 „Exceptis“
1340 3848 1625 3907 expunctO,
1662 3842 1836 3894 omnia
1871 3841 2006 3896 bene
2066 3858 2124 3894 se
2183 3842 2406 3910 habent3
2466 3843 2535 3896 cf.
2596 3843 2659 3895 L.
2695 3839 2759 3893 V.
2817 3853 2902 3906 ep.

779 3936 809 3984 6
848 3941 903 3988 et
938 3935 1000 3987 L.
1038 3936 1134 3988 IX.
1175 3951 1258 4003 ep.
1295 3938 1344 3986 8.
1402 3936 1608 4014 Caraffa
1643 3945 1789 3990 certe
1826 3938 1982 3991 aliter
2017 3938 2189 3992 locum
2226 3937 2477 4005 expedire
2512 3936 2741 4004 studuit,
2785 3949 2905 3988 cum

778 4029 833 4081 in
865 4029 1007 4082 hunc
1042 4029 1253 4083 modum
1289 4030 1495 4085 ederet:
1536 4032 1657 4100 „qui
1694 4034 2085 4087 communicant
2123 4040 2285 4101 atque
2320 4027 2707 4086 consentiunt.“
2767 4028 2903 4083 Item

781 4124 1189 4193 expungendum
1244 4125 1452 4180 videtur
1510 4124 1731 4196 „quem“
1766 4128 1822 4182 in
1877 4128 1961 4182 his
2008 4128 2206 4182 verbis:
2295 4127 2517 4197 „Neque
2552 4123 2708 4192 {enim
2745 4122 2905 4176 alium

706 4219 712 4232 ¹
778 4226 994 4299 nostrae
1042 4220 1245 4274 salutis‘
1275 4228 1329 4274 et
1363 4228 1613 4277 aeternae
1659 4224 1801 4278 vitae
1837 4224 2110 4279 introitum
2147 4223 2342 4278 Christi
2396 4221 2579 4276 ovibus
2616 4233 2904 4286 eorumque

772 4314 1077 4382 pastoribus
1109 4322 1295 4382 patere
1330 4318 1687 4390 coguovimuS,
1719 4319 1823 4373 nisi
1857 4337 1994 4386 quem
2027 4321 2095 4374 ab
2125 4319 2244 4386 ipso
2279 4313 2681 4406 monstratum?
2716 4316 2778 4369 L.
2807 4312 2904 4371 111.

779 4425 860 4480 ep.
902 4412 966 4459 10
1005 4410 1107 4474 (M.
1153 4410 1249 4461 197
1292 4410 1401 4477 B.).
2443 4415 2446 4418 ·
