3371 5259
1442 463 1877 525 -33-

521 633 722 702 verba
743 634 930 719 quasi
969 634 1228 717 integra
1262 634 1434 719 typis
1459 631 1889 701 exscribenda
1924 633 2191 714 curavit,
2229 653 2438 718 neque
2477 633 2781 715 editores,

524 747 633 834 qui
677 748 814 813 eius
837 746 1289 819 recensionem
1306 748 1772 830 repetiverunt,
1817 746 2458 830 praetermissionem
2492 746 2782 813 animad-

520 863 860 927 verterunt
877 859 955 945 ⁴).
1014 859 1093 925 In
1115 858 1290 925 hunc
1316 834 1470 925 ‘fere
1514 858 1780 925 modum
1820 858 2005 924 locus
2050 859 2448 944 supplendus
2492 860 2779 927 videtur:
2889 880 2898 885 ’

521 974 800 1057 ,jaciat
893 973 1138 1049 Quod-92:
1179 975 1492 1037 censuerit
1544 970 1647 1038 vel
1707 993 1786 1037 ex
1827 971 1909 1038 iis
1965 972 2364 1058 praeiudicio
2408 973 2785 1059 pergravari

521 1093 687 1156 etc.“
734 1085 945 1159 ,Num
976 1089 1412 1170 praem-avari
1451 1086 1909 1170 corrigendum
1953 1086 2058 1167 sit,
2102 1087 2172 1152 in
2212 1086 2427 1153 medio
2466 1088 2780 1172 relinquo.

634 1276 639 1283 ὁ
691 1201 765 1267 L.
810 1200 860 1266 I.
908 1221 1007 1285 ep.
1056 1204 1139 1267 20
1185 1199 1298 1281 (M.
1346 1204 1425 1265 77
1471 1200 1597 1287 A.).
1681 1198 1983 1282 „Quanto
2026 1200 2257 1266 melius
2307 1201 2408 1267 tui
2452 1200 2782 1286 sanguinis

522 1315 817 1383 effusoris
860 1314 1196 1400 totiusque
1241 1314 1345 1380 sui
1378 1314 1631 1399 generis
1678 1317 1747 1379 et
1788 1313 2044 1397 patriae
2084 1333 2301 1380 mores
2343 1318 2413 1380 et
2444 1315 2644 1380 vitam
2664 1333 2782 1379 no-

407 1452 412 1463 ·
519 1429 686 1511 visti,
732 1432 923 1496 tanto
965 1427 1215 1509 melius,
1259 1427 1493 1512 quibus
1535 1425 1749 1493 modis
1804 1430 1874 1492 et
1918 1425 2153 1511 quibus
2196 1426 2449 1494 facilius
2491 1430 2781 1513 cogatur,

521 1542 859 1609 consulere
901 1540 1091 1607 nobis
1136 1541 1446 1625 poteriS.“
1536 1540 1642 1605 Sic
1699 1539 2005 1620 editores,
2052 1539 2354 1607 Vaticani
2393 1541 2595 1607 verba
2633 1539 2781 1607 red-

521 1654 772 1723 dentes.
846 1653 975 1722 Sed
1021 1654 1263 1720 excidit
1307 1658 1461 1718 ante
1506 1652 1835 1733 ,‚facilius“
1880 1653 2241 1718 rationibus
2283 1654 2385 1721 vel
2429 1655 2633 1723 simile
2667 1675 2778 1722 vo-

521 1768 840 1836 cabulum.
1380 1768 1381 1771 ’

688 1881 763 1947 L.
808 1881 858 1946 Ι.
907 1900 1007 1964 ep.
1054 1883 1137 1946 30
1185 1878 1298 1965 (M.
1343 1881 1427 1944 86
1470 1878 1594 1964 Β.).
1708 1878 1935 1961 „Unde
1979 1879 2343 1965 apostolica
2379 1884 2449 1946 te
2492 1883 2777 1948 auctori·

517 2000 658 2062 tate
724 1995 1181 2075 admonemus,
1246 1996 1325 2059 ut
1392 1991 1661 2058 clericos
1741 1996 1926 2087 tuoe,
1994 1992 2109 2077 qui
2169 1994 2452 2079 turpiter
2516 2015 2781 2062 conver-

517 2112 768 2190 santur,
812 2106 1131 2192 pastorali
1188 2106 1405 2189 rigore
1456 2125 1761 2172 coerceas
1805 2110 1905 2187 et,
1952 2105 2130 2190 quod
2171 2107 2467 2174 Romana
2509 2110 2783 2182 ecclesia

516 2224 808 2286 testante
856 2219 936 2285 de
977 2217 1388 2286 immunditia
1454 2218 1835 2284 clericorum
1900 2220 2164 2302 statuit,
2231 2242 2444 2307 neque
2501 2224 2782 2309 gratiam

518 2353 728 2416 neque
788 2331 1008 2398 odium
1071 2331 1343 2397 alicuius
1395 2330 1818 2397 considerans
1865 2335 2202 2411 constanti,
2250 2337 2647 2402 auctoritate
2711 2338 2797 2402 in‘

519 2445 794 2512 ecclesia
834 2448 952 2510 tua
991 2443 1430 2529 praedicando
1477 2449 1846 2509 exerceas.“
1934 2444 2116 2512 Haec
2161 2452 2262 2513 est
2306 2448 2518 2516 lectio.
2538 2449 2778 2518 codicis

516 2557 835 2624 Vaticani.
958 2555 1305 2623 Manifesto
1371 2577 1525 2622 vero
1580 2578 1702 2642 pro
1763 2561 2134 2640 „testante“
2180 2559 2596 2628 scribendum
2641 2566 2775 2636 est:

517 2678 578 2737 te
623 2674 981 2750 adsumite.¹
1034 2670 1554 2752 „Considerans“
1595 2672 1664 2737 in
1710 2670 1995 2739 editione
2039 2673 2382 2742 Mansiana
2433 2673 2557 2761 'per
2600 2697 2779 2744 erro-

514 2807 657 2852 rem
694 2785 1004 2850 omissum
1049 2787 1169 2849 est.
2555 2859 2578 2869 ..

686 2897 760 2963 L.
803 2897 853 2962 Ι.
903 2918 1002 2981 ep.
1051 2901 1130 2962 63
1182 2896 1293 2982 (M.
1325 2901 1445 2962 109
1491 2897 1615 2982 Β.).
1689 2897 1804 2978 „In
1847 2897 1972 2966 hoc
2015 2905 2251 2982 autem,
2299 2902 2475 2985 quod
2521 2902 2641 2969 sub
2682 2903 2778 2969 di·

517 3011 695 3077 tione
741 3014 860 3074 tua
892 3009 1171 3075 Romani
1214 3008 1461 3074 ordinis
1509 3008 1792 3075 officium
1833 3010 1976 3076 fieri
2019 3012 2235 3079 studio
2282 3019 2350 3078 et
2383 3015 2778 3082 iussionibus

518 3124 649 3188 tuis
671 3124 931 3203 asseris,
976 3121 1311 3187 Romanae
1355 3095 1665 3187 ecclesiae
1710 3128 1778 3187 te
1821 3123 2040 3205 filium,
2086 3146 2164 3191 ac
2200 3146 2343 3192 eam
2367 3128 2780 3195 concordiam

517 3238 587 3302 et
629 3234 903 3301 eandem
942 3234 1295 3300 amicitiam
1356 3238 1425 3299 te
1482 3233 1823 3301 nobiscum
1862 3235 2123 3319 habere,
2165 3259 2359 3322 quam
2394 3241 2546 3305 olim
2588 3262 2779 3325 reges

516 3347 889 3434 Hyspaniae
926 3368 1073 3413 cum
1094 3346 1405 3412 Romanis
1445 3346 1865 3430 pontificibus
1908 3348 2259 3432 habebant,
2307 3355 2778 3437 cognosceris.“

516 3460 788 3528 Excidit«
816 3466 1121 3552 praestas
1164 3457 1266 3525 vel
1299 3459 1575 3541 praebes
1615 3464 1788 3546 post·
1835 3462 2133 3543 „filium“.
2221 3463 2447 3550 Neque
2515 3468 2649 3532 scio
2692 3487 2777 3533 an

518 3573 872 3659 Gregorius
917 3572 1255 3657 scripserit
1269 3583 1289 3637 τ’
1323 3576 1438 3653 „tu
1478 3572 1879 3641 nobiscum“.

685 3686 762 3753 L.
807 3686 858 3751 Ι.
904 3707 1004 3771 ep.
1053 3690 1135 3752 70
1192 3684 1305 3771 (M.
1359 3690 1481 3751 114
1524 3686 1648 3772 A.).
1754 3689 2090 3768 „Iustitiae
2147 3711 2265 3774 per
2321 3691 2565 3770 omnia,
2634 3712 2780 3757 cum

551 3998 613 4064 4)
657 3995 864 4052 Eodem
895 3995 1053 4052 modo
1088 3994 1155 4050 L.
1192 3995 1284 4051 VI.
1327 4013 1412 4066 ep.
1452 3998 1515 4047 1⁷
1552 3998 1653 4063 (Μ.
1695 3999 1794 4049 272
1829 3999 1926 4066 A.)
1963 4007 2089 4068 post
2121 4008 2216 4071 „ut
2247 3998 2411 4056 illud“
2442 4003 2636 4072 integri
2664 4003 2778 4059 fere

653 4108 842 4149 versus
875 4092 1070 4147 lacuna
1101 4091 1157 4145 in
1190 4090 1450 4147 Vaticano
1484 4092 1675 4147 relicta.
1712 4100 1813 4163 est,
1845 4109 2004 4163 quam
2041 4094 2273 4150 editores
2307 4101 2497 4152 notare
2533 4113 2779 4167 superse-

654 4187 862 4243 derunt.
931 4187 1049 4243 Nec
1081 4203 1189 4242 non
1220 4186 1280 4240 in
1315 4186 1548 4242 Concilio
1583 4187 1845 4243 Vaticano
1871 4189 1934 4243 V.
1972 4189 2073 4257 (M.
2112 4191 2211 4242 507
2230 4191 2323 4258 D.)
2360 4193 2591 4260 spatium
2622 4194 2778 4249 inane

652 4283 919 4339 invenitur
950 4289 1079 4353 post
1112 4281 1764 4353 „Constantinopolitanus
1796 4281 2139 4353 imperator,“
2175 4284 2270 4341 ubi
2295 4287 2475 4343 nescio
2516 4303 2656 4357 quae
2687 4303 2780 4343 no·

652 4379 798 4435 mina
829 4379 1081 4440 librarius
1112 4377 1491 4449 praetermisit.

2438 4489 2470 4538 3
