3371 5259
712 711 939 750 Editionis
1017 723 1024 729 ·

706 781 961 819 Mansianae
1034 780 1037 783 '

764 849 907 889 loona.

679 936 798 986 238.
838 936 906 984 A.

680 1040 800 1088 240.
839 1035 901 1087 Β.

680 1143 798 1192 240.
835 1141 898 1191 Β.

682 1332 798 1380 241.
830 1315 894 1383 E.

584 1526 590 1534 “
683 1521 798 1573 242.
835 1518 900 1568 A.

687 2052 806 2133 ‘⁴24³-
828 2017 906 2104 4Β.

684 2243 804 2293 244.
843 2240 907 2293 Β.

686 2346 804 2396 244.
844 2344 911 2395 D.

687 2447 805 2500 246.
840 2448 907 2499 D.

692 2640 811 2689 247.
852 2641 914 2687 Α.

692 2829 810 2878 247.
847 2829 914 2880 A.

693 2931 810 2981 247.
847 2930 919 2982 D.

690 3034 809 3086 247.
844 3017 908 3082 Ε.

590 3195 593 3198 ,
691 3137 808 3187 249.
846 3138 907 3188 c.

692 3241 809 3291 249.
845 3239 912 3291 D.
941 3278 945 3282 .

695 3517 809 3567 250.
846 3514 912 3567 D.

695 3636 813 3686 251.
848 3635 913 3685 B.

697 3860 812 3911 251.
851 3858 908 3908 C.

697 3982 815 4031 251.
853 3980 918 4031 D.

701 4445 818 4498 252.
857 4446 924 4498 D.

1428 763 1580 803 Lectio

1403 834 1597 885 vulgaris
1605 864 1615 874 .

1058 926 1312 991 exhibere
1347 942 1576 1005 oportet.

1055 1038 1247 1093 scitote
1263 1079 1278 1107 ,
1313 1038 1469 1107 quod.

1057 1148 1246 1197 contra
1282 1158 1419 1213 eum,
1454 1142 1551 1219 sed
1584 1150 1786 1199 contra.

1054 1328 1214 1385 finem
1248 1331 1448 1388 habeat
1484 1339 1539 1388 et
1573 1333 1814 1403 accipiat.

1055 1520 1185 1575 nihil
1247 1520 1425 1576 adhuc
1481 1521 1697 1591 dignum
1761 1523 1950 1578 fecisse

1124 1608 1463 1676 cognovimus
1478 1627 1493 1677 3
1520 1626 1837 1679 quamquam
1852 1626 1951 1665 nos

1125 1711 1394 1763 nunquam
1464 1712 1586 1751 eum
1652 1697 1710 1750 in
1778 1697 1955 1766 aliqua

1078 1788 1081 1789 ’
1125 1797 1289 1837 causa
1330 1782 1447 1837 Deo
1493 1782 1808 1851 providente
1827 1778 1832 1785 ‘
1851 1784 1952 1839 hac

1128 1868 1406 1924 occasione
1442 1870 1829 1939 contravenire,
1875 1870 1952 1924 iu-

1128 1956 1328 2011 stitiam
1365 1956 1761 2012 circumvenire.
1839 1946 1844 1951 ’

1013 2092 1017 2099 ·
1062 2059 1330 2114 Saxonem
1350 2059 1542 2128 ipsum.

1059 2252 1316 2306 honorem
1353 2249 1666 2304 exhibuerit.

1059 2327 1272 2423 paterni
1304 2354 1601 2408 ministrant
1634 2353 1799 2422 regni.

1061 2459 1170 2530 lite,
1205 2474 1341 2527 quae
1376 2459 1516 2513 inter
1556 2456 1923 2525 Spalatanum.

1061 2654 1292 2705 vestram
1336 2649 1517 2717 utique
1562 2649 1793 2703 omnium
1833 2645 1959 2703 fide·

1130 2736 1260 2790 lium
1296 2742 1536 2790 matrem.

1066 2840 1272 2909 Deique
1308 2838 1678 2907 peccantibus.

1065 2922 1324 3012 praebere
1357 2942 1536 3010 parati
1569 2957 1769 2997 sumus.

1066 3062 1293 3115 quonam
1331 3046 1586 3101 instinctu
1619 3061 1790 3114 quove
1819 3053 1959 3100 actu.

1019 3143 1027 3152 '
1065 3149 1133 3204 de
1170 3148 1403 3204 dissidio.

1066 3251 1375 3308 fraternitas
1420 3252 1591 3308 literis
1606 3294 1620 3322 ,
1673 3252 1863 3321 quibus
1906 3252 1961 3307 id

1135 3339 1476 3408 singulariter
1510 3338 1769 3407 scriptum
1805 3345 1902 3393 est.

1069 3528 1409 3597 deservimus,
1445 3533 1528 3583 est
1564 3528 1840 3597 quaedam.

1070 3649 1396 3706 Gotefredus
1451 3656 1631 3704 autem
1675 3649 1963 3704 carnoten-

1138 3753 1224 3793 sis.

1010 3900 1015 3905 -
1071 3858 1167 3914 Sin
1198 3866 1380 3914 autem
1417 3858 1732 3913 certissime.

1071 3979 1304 4035 Hem-ico
1338 3980 1577 4048 Spirensi
1610 3979 1882 4048 episcopo·

1074 4445 1222 4513 prius
1257 4444 1714 4505 admonitionibus.

2410 764 2564 804 Lectio

2278 835 2445 873 codicis
2478 833 2700 875 Vaticani.

2040 936 2281 992 exhiberi
2316 943 2546 1005 oportet.

2039 1040 2230 1095 scitote
2251 1082 2265 1108 ,
2301 1041 2567 1109 quoniam.

2037 1150 2224 1198 contra
2272 1159 2356 1212 se,
2411 1144 2509 1199 sed
2552 1152 2739 1200 contra
2783 1146 2933 1210 (Car.

2107 1231 2268 1281 omisit
2302 1233 2408 1294 se).
2874 1292 2880 1300 ι

2037 1330 2197 1387 finem
2268 1332 2497 1401 accipiat
2564 1332 2711 1400 (Car.
2780 1333 2939 1391 finem

2107 1417 2304 1474 habeat
2339 1419 2612 1488 accipiat).

2040 1521 2202 1576 nichil
2241 1521 2417 1577 adhuc
2452 1522 2596 1592 digni
2626 1522 2823 1579 fecisse
2851 1540 2938 1578 co-

2105 1610 2409 1678 gnovimus3
2471 1603 2792 1679 quamquam
2829 1626 2938 1666 Jnos

2104 1711 2374 1764 nunquam
2446 1712 2567 1751 eum
2637 1698 2691 1752 in
2761 1697 2939 1766 aliqua

2108 1796 2269 1836 causa
2316 1781 2437 1836 Deo
2487 1783 2802 1852 providente
2837 1783 2940 1839 hac

2108 1868 2395 1922 occasione
2444 1875 2632 1923 contra
2684 1870 2938 1925 iustitiam

2111 1954 2509 2010 circumvenire·

2041 2059 2070 2093 *
2084 2056 2381 2115 Sanzonem
2405 2058 2577 2115 istum.
2600 2059 2711 2127 (ΟΥ.
2733 2060 2848 2114 Lib.
2891 2062 2939 2116 V.

2117 2160 2191 2211 ep.
2233 2146 2345 2209 14.)

2042 2247 2301 2302 honorem
2337 2249 2679 2306 exhibuisset.

2044 2351 2255 2419 paterni
2290 2353 2559 2411 ministrat
2591 2356 2756 2424 regni.

2044 2454 2162 2525 lite,
2205 2472 2342 2524 quae
2379 2464 2464 2511 est
2506 2457 2645 2512 inter
2699 2458 2940 2529 Spaleta·

2048 2568 2053 2575 ·
2114 2557 2255 2596 num.

2044 2649 2315 2702 *vestram
2368 2647 2551 2715 utique
2606 2650 2941 2720 omniumque

2112 2732 2343 2787 fidelium
2375 2740 2613 2789 matrem.

2046 2838 2252 2907 Deique
2287 2845 2373 2892 est
2406 2838 2768 2905 peccantibus.

2045 2941 2305 3009 praebere
2339 2942 2516 3010 parati
2548 2940 2763 2997 fuimus.

2046 3060 2275 3113 quonam
2308 3046 2561 3100 instinctu
2595 3062 2701 3115 quo
2736 3055 2940 3103 actuve.

2045 3148 2112 3203 de
2148 3147 2389 3206 discidio.
2525 3217 2532 3224 .

2045 3251 2350 3307 fraternitas
2385 3254 2442 3306 in
2479 3248 2679 3308 litteris
2694 3295 2707 3322 ,
2753 3255 2941 3323 quibus

2114 3337 2246 3393 illud
2266 3338 2605 3408 singulariter
2620 3338 2942 3409 descriptum

2118 3431 2215 3480 est.

2049 3528 2393 3599 deservimus,
2429 3528 2707 3597 quaedam.

2050 3649 2344 3705 Gosfredus
2368 3657 2548 3706 autem
2583 3650 2940 3706 carnotensis.

2052 3856 2145 3910 Sin
2178 3862 2358 3911 autem
2393 3856 2762 3912 certissimum.

2051 3976 2104 4030 H
2141 4014 2153 4027 .
2192 4012 2205 4025 .
2237 4012 2250 4025 .
2284 4012 2297 4025 .
2371 3976 2610 4044 Spirensi
2671 3976 2945 4045 episcopo.

2122 4060 2385 4126 (Heinrioo
2445 4064 2669 4128 episcopo
2729 4064 2830 4112 iam
2893 4080 2945 4112 a.

2128 4149 2253 4199 1075
2313 4157 2526 4209 mortuo,
2583 4149 2636 4197 in
2695 4150 2946 4200 ecclesiam

2121 4233 2397 4300 spirensem
2458 4241 2761 4286 successerat
2817 4234 2947 4287 Huz-

2122 4320 2376 4384 mannus.)

2056 4440 2155 4514 piis
2191 4437 2651 4500 admonitionibus.
