3371 5259
1453 483 1885 546 ...37—

545 658 723 721 esset
762 621 928 725 tuae-
943 652 1328 736 celsitudini,
1374 674 1457 721 ne
1503 612 1660 740 erga
1698 654 1918 721 sedem
1942 655 2371 740 apostolicam
2410 655 2479 723 in
2500 652 2715 722 verbis
2740 660 2810 723 et
2852 704 2862 715 .

539 765 977 852 legationibus
1021 767 1154 833 tuis
1210 766 1428 852 aliqua
1469 768 1871 834 inveniretur
1925 769 2367 854 discrepantia
2429 769 2806 851 voluntatiS,

542 884 611 945 et
651 881 720 946 in
761 880 892 962 his,
938 902 1058 965 per
1101 901 1268 966 quae
1313 880 1672 947 christiana
1737 881 1901 948 fides
1958 886 2026 947 et
2080 887 2296 948 status
2354 881 2664 974 ecclesiae
2719 879 2807 948 ad

410 1011 419 1020 ·
539 999 878 1061 aeternam
920 994 1200 1061 salutem
1241 994 1520 1060 maxime
1554 994 1832 1078 proficit,
1878 1015 2013 1061 non
2038 994 2247 1076 nobis,
2296 995 2411 1061 sed
2433 996 2572 1061 Deo
2598 992 2804 1061 omni-

536 1109 794 1194 potenti
833 1107 1123 1174 debitam
1164 1128 1297 1173 non
1341 1106 2191 1192 denegares‘reverentiam,
2232 1129 2622 1194 quamquam
2646 1128 2805 1192 apo-

539 1221 726 1288 stolis
783 1241 1133 1305 eorumque
1180 1221 1665 1287 successoribus
1711 1216 2026 1287 Dominus
2072 1215 2288 1287 dicere
2333 1220 2637 1306 dignatus
2683 1221 2802 1286 sit:

536 1331 659 1412 Qui
697 1354 814 1400 vos
858 1332 1061 1414 audit,
1106 1354 1209 1398 me
1254 1331 1438 1398 audit
1483 1338 1648 1400 etc.“
1694 1332 2176 1418 „Quamquam“
2210 1335 2317 1400 vix
2362 1337 2540 1400 stare
2560 1337 2801 1418 potest,

535 1449 843 1532 quoniam
886 1447 956 1511 in
995 1447 1164 1513 hanc
1208 1447 1602 1513 sententiam
1647 1448 1967 1514 convenit.

703 1583 776 1649 L.
823 1584 933 1650 111.
980 1606 1079 1670 ep.
1133 1589 1208 1651 12
1258 1586 1370 1672 (M.
1423 1591 1542 1652 199
1588 1586 1712 1673 Β.).
1802 1584 2133 1668 „Litteras
2179 1584 2581 1669 apostolicae
2627 1583 2801 1650 sedis

529 1695 679 1765 ideo
703 1690 886 1764 vobis
921 1697 1292 1783 dirigendas
1337 1720 1480 1765 esse
1505 1700 1890 1781 censuimus,
1936 1700 2089 1784 quia
2112 1700 2643 1778 scismaticorum,
2690 1696 2803 1783 qui

533 1814 767 1879 contra
808 1811 1018 1878 Deum
1060 1817 1130 1878 ‘et
1175 1813 1636 1905 auctoritatem
1681 1817 1951 1879 sanctae
1990 1812 2321 1878 Romanae
2374 1811 2685 1878 ecclesiae
2729 1828 2800 1875 se

532 1927 913 2006 erexerunt,
957 1946 1091 1990 non
1150 1929 1384 2010 sponte
1428 1946 1544 1991 vos
1585 1926 1992 1991 consensisse
2035 1925 2532 1991 intelleximu8.“
2618 1922 2801 1989 Haec

530 2039 635 2101 est
691 2035 887 2102 lectio
932 2037 1253 2106 Vaticani.
1364 2036 1671 2105 Editores
1738 2042 1893 2123 post
1951 2037 2275 2104 Caraffam
2330 2036 2794 2103 emendarunt:

529 2147 1056 2230 „schismaticis“.
1147 2149 1274 2216 Sed
1313 2151 1554 2243 excidit
1598 2153 1882 2215 eonsilizs
1923 2151 2026 2217 vel
2071 2151 2275 2217 simile
2323 2149 2586 2235 aliquid.

698 2286 771 2353 L.
816 2287 928 2354 ΠΙ.
977 2309 1075 2373 ep.
1129 2293 1204 2355 16
1254 2290 1365 2376 (M.
1392 2295 1515 2381 202
1560 2291 1684 2376 Β.).
1764 2289 1936 2372 „Sed
1977 2290 2137 2377 ipse,
2182 2289 2373 2355 huius
2416 2291 2795 2355 mansuetu·
2857 2318 2862 2323 ·

529 2398 697 2467 dinis
744 2405 810 2466 et
851 2407 1077 2468 tantae
1123 2403 1418 2470 caritatis
1464 2402 1726 2484 oblitust,
1770 2402 2058 2469 fructum
2087 2401 2613 2469 inoboedientiae
2657 2419 2794 2466 ma·

527 2513 649 2579 tris
695 2535 853 2580 suae
897 2515 1228 2582 Romanae
1289 2516 1600 2582 ecclesiae
1656 2516 1895 2581 dicitur
1961 2515 2345 2596 reddidisse,
2390 2513 2794 2600 privilegium

527 2628 937 2696 venerandae
1000 2628 1350 2697 memoriae
1416 2629 1854 2696 antecessoris
1909 2632 2121 2695 nostri
2172 2650 2385 2714 papae
2439 2624 2795 2693 Alexandri

527 2740 992 2825 confringendo
1039 2746 1108 2808 et
1150 2744 1707 2809 excommunicato
1753 2764 1795 2808 a
1827 2741 2017 2809 nobis
2043 2729 2338 2808 E'vrardo
2379 2740 2793 2826 impudenter

525 2854 1057 2922 communicando
1103 2859 1171 2921 et
1209 2876 1342 2922 non
1387 2856 1598 2922 solum
1639 2857 1851 2941 ipsam
1874 2855 2229 2937 decaniam,
2277 2835 2393 2921 sed
2413 2853 2549 2920 fere
2574 2851 2793 2919 omnia

527 2968 838 3034 ecclesiae
881 2968 1247 3034 ministeria
1291 2968 1656 3054 symoniace
1702 2968 2070 3050 vendendo,
2127 2989 2168 3034 a
2211 2968 2351 3034 Deo
2406 2985 2790 3050 suspensam

523 3084 601 3146 ut
645 3079 796 3146 olim
839 3081 1240 3166 apostolicae
1287 3081 1460 3147 sedis
1486 3081 1883 3148 sententiam
1905 3103 2174 3166 operum
2208 3102 2473 3147 suorum
2495 3079 2791 3164 nequitia

522 3193 756 3259 merito
800 3193 1099 3260 videatur
1131 3193 1201 3260 in
1245 3214 1315 3260 se
1357 3199 1809 3279 provocasse.“
1909 3193 2123 3261 Locus
2176 3193 2467 3260 vitiosus.
2557 3192 2790 3260 Omnia

523 3325 677 3372 vero
724 3307 966 3391 optime
1011 3307 1373 3388 concinent,
1442 3308 1498 3373 si
1537 3328 1659 3392 pro
1705 3328 1787 3390 „a
1829 3307 1969 3374 Deo
2016 3327 2400 3391 suspensam
2444 3310 2560 3371 ut“
2626 3305 2785 3372 scri·

523 3418 732 3502 pseris
767 3420 931 3483 adeo
973 3425 1048 3483 ut
1086 3438 1488 3502 suspensam.
1576 3419 1932 3488 Praeterea
1972 3422 2174 3484 matri
2210 3419 2398 3486 initio
2433 3419 2785 3486 emendan-

525 3529 677 3597 dum
722 3535 843 3597 est.
1226 3573 1227 3578 κ

693 3660 766 3726 L.
809 3660 918 3727 IV.
964 3681 1064 3746 ep.
1112 3665 1150 3727 6
1200 3661 1312 3749 (Μ.
1360 3665 1487 3728 214
1511 3661 1637 3747 Α.).
1706 3660 1936 3744 „Quod
1980 3663 2036 3729 si
2078 3660 2256 3729 nullo
2304 3662 2670 3729 scismate.“
2712 3664 2783 3726 in

521 3776 653 3855 illc,
695 3794 831 3842 non
873 3773 1133 3857 „nullo“
1176 3773 1590 3841 scribendum
1626 3795 1791 3856 esse,
1837 3795 1918 3841 ex
1960 3776 2105 3861 ipsa
2148 3776 2426 3860 epistola
2467 3780 2672 3860 patet.

691 3911 766 3978 L.
810 3909 920 3979 IV.
962 3934 1062 3996 ep.
1114 3917 1189 3979 15
1227 3913 1351 4013 (Μ.
1397 3916 1518 3979 221
1565 3911 1684 3999 Q).
1788 3913 2195 3998 „Adimplere
2254 3916 2779 4000 contempserit.“

522 4024 787 4113 Corrige
832 4029 1342 4109 contempserint.

690 4154 764 4221 L.
808 4154 919 4221 IV.
965 4175 1064 4240 ep.
1094 4159 1172 4221 18
1220 4155 1333 4241 (M.
1360 4159 1485 4220 224
1507 4154 1633 4241 Α.).
1678 4153 2133 4240 „Quapropter
2166 4157 2532 4242 apostolica
2552 4162 2778 4227 aucto·

521 4268 720 4338 ritate
763 4270 1195 4355 praec-ipimus
1238 4268 1452 4350 vobis,
1518 4271 1595 4334 ut
1653 4268 1822 4335 colla
1878 4274 2099 4336 vestra
2155 4268 2234 4335 de
2280 4269 2399 4337 sub
2442 4271 2592 4356 iugo
2640 4273 2778 4340 eius

523 4382 943 4472 excutientes,
986 4403 1072 4457 ne
1112 4381 1206 4456 illi
1248 4380 1683 4464 adhaerentes
1707 4379 1987 4468 diabolo,
2033 4383 2215 4452 cuius
2236 4383 2596 4452 membrum
2634 4385 2777 4478 ipse
