3371 5259
741 730 967 776 Editiouis

730 805 986 844 nausiante

792 875 932 913 locus.

707 962 822 1011 148.
864 957 924 1007 C.

703 1053 822 1114 150.
869 1064 939 1111 A.

703 1167 820 1218 154.
856 1164 921 1214 Β.

704 1269 816 1320 155.
853 1268 917 1319 Β.

703 1390 816 1440 156.
855 1390 915 1439 C.

704 1596 813 1646 159.
849 1593 910 1645 Β.

698 1699 813 1749 162.
853 1697 910 1748 C.

698 1803 812 1852 163.
845 1801 908 1852 B.

697 1905 808 1956 163.
846 1905 913 1955 D.

693 2009 810 2061 164.
847 2011 909 2057 A.

694 2111 805 2162 164.
845 2110 906 2159 Β.

690 2215 801 2265 164.
842 2216 900 2265 C.

686 2319 800 2370 164.
838 2319 903 2373 D.

686 2422 797 2472 164.
835 2421 894 2470 E.

683 2540 796 2594 166.
836 2545 901 2592 A.

680 2732 795 2784 166.
824 2732 883 2782 C.
909 2730 978 2783 D.

675 2920 792 2969 166.
828 2922 888 2973 E.

675 3023 789 3074 168.
828 3026 895 3073 A.

675 3125 788 3177 168.
823 3126 886 3177 Β.

670 3314 783 3366 168.
823 3318 887 3368 Ε.

669 3417 782 3471 169.
817 3419 888 3472 D.

667 3523 784 3573 170.
823 3523 881 3573 Β.

665 3628 780 3678 170.
818 3627 879 3679 Β.

661 3730 777 3780 170.
812 3732 881 3783 D.

662 3835 778 3884 170.
816 3832 885 3887 D.

658 3938 773 3985 171.
813 3941 877 3991 A.

658 4040 773 4089 171.
811 4040 872 4094 B.

658 4160 768 4209 172.
810 4162 868 4212 Ε.

651 4343 764 4416 173.
802 4366 865 4416 Β.

1626 543 2055 612 „18-

1456 776 1605 816 Lectio

1426 846 1635 897 vulgaris.

1078 958 1225 1009 recte
1261 950 1517 1006 obtinere.

1080 1063 1136 1113 et
1171 1057 1286 1111 eius
1318 1055 1592 1109 honorem.
1668 1110 1671 1113 ,

1076 1160 1145 1215 11.
1186 1159 1306 1213 Kal.
1344 1156 1593 1212 Ianuarii.

1073 1269 1168 1319 aut
1198 1269 1345 1317 certo
1379 1260 1583 1315 nuntio.

1074 1384 1215 1438 omni
1278 1381 1556 1451 diligentia
1609 1385 1666 1434 et
1719 1378 1969 1434 sollicitu-

1141 1469 1280 1524 dine.

1068 1590 1275 1658 legatos
1309 1594 1422 1643 tum
1455 1604 1556 1657 per
1589 1587 1861 1656 epistolas.

1066 1692 1282 1761 Romae,
1314 1694 1370 1746 in
1404 1684 1774 1760 qua'coactus.

1068 1795 1210 1864 quod
1245 1796 1383 1850 enim
1417 1795 1623 1849 morbo.

1065 1899 1111 1954 si
1144 1914 1233 1954 res
1268 1898 1588 1967 postularet.

1063 2002 1210 2056 VIII.
1250 2002 1372 2056 Kal.
1408 2000 1707 2056 Februarii.

1061 2105 1238 2161 Sueno
1271 2106 1387 2175 regi
1418 2105 1711 2159 Danorum.

1060 2209 1450 2264 ecclesiasticae
1489 2206 1888 2263 exhortationis.

1056 2315 1351 2369 necessitas
1383 2317 1589 2381 pareat.
1728 2287 1734 2292 ⁸

1054 2417 1410 2487 periculosum
1445 2423 1573 2472 tunc
1606 2414 1743 2496 fore.

1052 2535 1108 2589 in
1141 2537 1343 2605 synodo
1381 2537 1627 2606 secunda,
1653 2535 1777 2590 Kal.
1808 2535 1951 2590 Mar-

1123 2624 1199 2678 tii.
1451 2685 1455 2689 ,

1049 2728 1241 2783 iudicia
1256 2728 1559 2796 perduci-
1583 2755 1650 2766 -—
1674 2727 1945 2796 apertiora

1116 2814 1328 2869 iudicia.

1048 2918 1196 2972 nulla
1229 2917 1558 2972 acclamandi
1593 2918 1821 2973 occasio,

1046 3020 1215 3075 fi‘atre
1249 3022 1586 3091 coepiscopo.

1046 3124 1372 3179 conterenda
1421 3131 1476 3180 et
1519 3124 1733 3193 penitus
1781 3123 1941 3178 extir-

1112 3211 1304 3279 panda.

1043 3313 1198 3382 Quod
1230 3315 1457 3369 unicum.

1039 3424 1202 3487 prout
1237 3423 1469 3488 oportet.

1040 3519 1106 3575 de
1142 3537 1303 3576 causa
1335 3521 1648 3576 Irasmundi.

1038 3625 1324 3693 superfluis
1359 3625 1827 3692 disputationibus.

1037 3728 1312 3783 ecclesiam
1358 3734 1594 3783 nostram
1641 3729 1931 3786 devastari.

1032 3830 1122 3884 IV.
1157 3831 1296 3884 Non.
1335 3830 1498 3885 Mart.

1033 3934 1450 3990 Traiectensium
1481 3935 1767 3993 detentam.

1031 4039 1144 4093 sine
1179 4054 1331 4093 mora
1362 4039 1599 4094 inducat.

1029 4159 1129 4214 Dei
1163 4160 1490 4215 Leodicensi.

1023 4366 1366 4422 Manucensis
1401 4367 1623 4423 comitis.

2439 770 2590 813 Lectio

2303 840 2474 880 codicis
2501 841 2725 883 Vaticani.

2057 943 2241 998 *recte
2276 948 2333 998 te
2371 943 2631 1001 obtinere.
2711 946 2780 999 H.

2060 1052 2116 1100 et
2149 1045 2219 1100 ad
2256 1047 2369 1102 eius
2396 1034 2681 1105 bonorem.

2059 1148 2191 1202 *XL
2226 1149 2348 1204 Kal.
2383 1151 2633 1207 Ianuarii.

2058 1258 2152 1307 ant
2186 1259 2366 1309 certos
2399 1257 2641 1312 nuncios.

2056 1372 2197 1427 omni
2243 1374 2599 1431 sollicitudine
2648 1378 2729 1444 (d.
2770 1396 2818 1434 e.
2851 1379 2947 1433 ’ἀε-

2124 1459 2224 1510 leta
2260 1468 2372 1510 sunt
2404 1463 2459 1512 in
2504 1459 2781 1532 Vaticano).

2050 1577 2258 1646 legatos
2296 1587 2350 1635 et
2385 1581 2657 1649 epistolas.

2049 1680 2268 1751 Romae,
2304 1699 2462 1750 quam
2496 1695 2734 1744 coactus.

2047 1785 2231 1853 *quod
2269 1802 2389 1840 eum
2423 1789 2625 1844 morbo.

2045 1887 2093 1942 si
2127 1903 2215 1943 res
2250 1890 2616 1957 postulaverit.

2042 1990 2133 2044 IX.
2169 1991 2289 2045 Kal.
2327 1992 2488 2047 Febr.
2691 1979 2696 1985 ’

2043 2094 2241 2149 Sueino
2273 2095 2390 2164 regi
2423 2095 2712 2149 Danorum.

2042 2198 2443 2253 ecclesiasticae
2484 2195 2862 2253 exornationis.

2039 2303 2337 2357 necessitas
2369 2307 2572 2370 parcat.
2606 2301 2674 2354 H.

2039 2405 2397 2472 periculosum
2431 2405 2536 2460 iter
2569 2403 2704 2460 fore.

2036 2525 2130 2578 *in
2164 2525 2366 2592 synodo
2400 2525 2474 2580 H.
2513 2526 2631 2580 Kal.
2679 2527 2881 2581 Martii.

2030 2715 2227 2770 indicia
2271 2716 2496 2784 perduci
2540 2746 2609 2755 ——
2652 2745 2719 2755 --
2777 2730 2930 2783 aper-

2097 2801 2238 2855 tiora
2271 2801 2484 2857 indicia.

2028 2904 2174 2959 nulla
2207 2903 2569 2973 proclamandi
2605 2904 2831 2958 occasi0.
2871 2965 2880 2974 ,

2029 3006 2199 3063 fratre
2237 3014 2291 3063 et
2327 3009 2662 3077 coepiscopo.

2027 3110 2364 3167 conterendis
2401 3117 2457 3165 et
2498 3110 2715 3179 penitus
2762 3107 2924 3163 extir-

2096 3196 2306 3265 pandis.

2027 3317 2182 3386 Quod
2213 3319 2316 3375 hoc
2353 3317 2583 3373 unicum.

2021 3428 2185 3490 prout
2219 3422 2473 3490 oportuit.

2024 3524 2091 3580 de
2124 3540 2291 3579 causa
2327 3522 2663 3579 Trasmundi.

2022 3627 2308 3697 superfluis
2343 3625 2834 3696 disceptationibus.

2024 3732 2303 3788 ecclesiam
2354 3737 2589 3786 vestram
2631 3725 2912 3782 devastari.

2020 3834 2119 3889 111.
2155 3835 2295 3890 Non.
2334 3835 2493 3889 Mart.

2023 3939 2448 3994 Traiectensium
2482 3941 2764 3991 retentam.

2020 4043 2175 4098 *sine
2209 4055 2360 4096 mora
2391 4039 2688 4096 reinducat.

2014 4162 2118 4218 Dei
2152 4163 2201 4216 D
2222 4198 2391 4215 .....
2429 4158 2750 4215 Leodicensi
2780 4159 2844 4223 (i.
2866 4174 2909 4211 e.

2082 4248 2392 4312 Dietwino).

1970 4382 1974 4387 ·
2012 4368 2065 4422 N
2065 4368 2361 4423 amucensis
2395 4366 2603 4421 comitis
2640 4367 2703 4430 (i.
2726 4381 2769 4417 e.
2806 4359 2920 4419 Na·'

2083 4455 2423 4521 murcensis).
