<?xml version="1.0" encoding="UTF-8"?>
<!DOCTYPE html PUBLIC "-//W3C//DTD XHTML 1.0 Transitional//EN"
    "http://www.w3.org/TR/xhtml1/DTD/xhtml1-transitional.dtd">
<html xmlns="http://www.w3.org/1999/xhtml" xml:lang="en" lang="en">
 <head>
  <title>
</title>
<meta http-equiv="Content-Type" content="text/html;charset=utf-8" />
  <meta name='ocr-system' content='tesseract 3.04.00' />
  <meta name='ocr-capabilities' content='ocr_page ocr_carea ocr_par ocr_line ocrx_word'/>
</head>
<body>
  <div class='ocr_page' id='page_1' title='image "./degregoriiviire00giesgoog_0039.png"; bbox 0 0 3371 5259; ppageno 0'>
   <div class='ocr_carea' id='block_1_1' title="bbox 1383 505 1876 568">
    <p class='ocr_par' dir='ltr' id='par_1_1' title="bbox 1383 505 1876 568">
     <span class='ocr_line' id='line_1_1' title="bbox 1383 505 1876 568; baseline -0.002 0"><span class='ocrx_word' id='word_1_1' title='bbox 1383 505 1876 568; x_wconf 86' lang='lat'>·-·35—</span> 
     </span>
    </p>
   </div>
   <div class='ocr_carea' id='block_1_2' title="bbox 486 670 2793 1210">
    <p class='ocr_par' dir='ltr' id='par_1_2' title="bbox 508 670 2791 762">
     <span class='ocr_line' id='line_1_2' title="bbox 508 670 2791 762; baseline 0.001 -24"><span class='ocrx_word' id='word_1_2' title='bbox 508 670 688 739; x_wconf 71' lang='lat' dir='ltr'><strong>vdare</strong></span> <span class='ocrx_word' id='word_1_3' title='bbox 713 675 984 739; x_wconf 88' lang='lat' dir='ltr'><strong>conatus</strong></span> <span class='ocrx_word' id='word_1_4' title='bbox 1012 677 1115 739; x_wconf 89' lang='lat' dir='ltr'><strong>est</strong></span> <span class='ocrx_word' id='word_1_5' title='bbox 1158 673 1534 743; x_wconf 87' lang='lat' dir='ltr'><strong>scribendo:</strong></span> <span class='ocrx_word' id='word_1_6' title='bbox 1581 697 1905 762; x_wconf 88' lang='lat' dir='ltr'><strong>„curaque</strong></span> <span class='ocrx_word' id='word_1_7' title='bbox 1926 674 2307 743; x_wconf 87' lang='lat' dir='ltr'><strong>monasterii</strong></span> <span class='ocrx_word' id='word_1_8' title='bbox 2330 678 2398 740; x_wconf 91' lang='lat' dir='ltr'><strong>et</strong></span> <span class='ocrx_word' id='word_1_9' title='bbox 2419 695 2601 759; x_wconf 89' lang='lat' dir='ltr'><strong>spem</strong></span> <span class='ocrx_word' id='word_1_10' title='bbox 2625 679 2791 742; x_wconf 86' lang='lat' dir='ltr'><strong>etc.“</strong></span> 
     </span>
    </p>

    <p class='ocr_par' dir='ltr' id='par_1_3' title="bbox 486 784 2793 1210">
     <span class='ocr_line' id='line_1_3' title="bbox 532 784 2791 872; baseline 0.002 -22"><span class='ocrx_word' id='word_1_11' title='bbox 532 784 661 851; x_wconf 90' lang='lat' dir='ltr'><strong>Sed</strong></span> <span class='ocrx_word' id='word_1_12' title='bbox 706 805 788 851; x_wconf 91' lang='lat' dir='ltr'><strong>ne</strong></span> <span class='ocrx_word' id='word_1_13' title='bbox 834 786 927 852; x_wconf 87' lang='lat' dir='ltr'><strong>sic</strong></span> <span class='ocrx_word' id='word_1_14' title='bbox 971 786 1232 872; x_wconf 91' lang='lat' dir='ltr'><strong>quidem</strong></span> <span class='ocrx_word' id='word_1_15' title='bbox 1271 789 1488 854; x_wconf 87' lang='lat' dir='ltr'><strong>omnia</strong></span> <span class='ocrx_word' id='word_1_16' title='bbox 1531 787 1698 856; x_wconf 91' lang='lat' dir='ltr'><strong>bene</strong></span> <span class='ocrx_word' id='word_1_17' title='bbox 1745 811 1815 856; x_wconf 89' lang='lat' dir='ltr'><strong>se</strong></span> <span class='ocrx_word' id='word_1_18' title='bbox 1858 789 2123 856; x_wconf 88' lang='lat' dir='ltr'><strong>habent.</strong></span> <span class='ocrx_word' id='word_1_19' title='bbox 2198 787 2623 856; x_wconf 87' lang='lat' dir='ltr'><strong>Scribendum</strong></span> <span class='ocrx_word' id='word_1_20' title='bbox 2647 807 2791 854; x_wconf 88' lang='lat' dir='ltr'><strong>esse</strong></span> 
     </span>
     <span class='ocr_line' id='line_1_4' title="bbox 486 901 2793 985; baseline 0.001 -22"><span class='ocrx_word' id='word_1_21' title='bbox 486 949 501 972; x_wconf 81' lang='grc'><strong><em>,</em></strong></span> <span class='ocrx_word' id='word_1_22' title='bbox 528 902 720 982; x_wconf 89' lang='lat' dir='ltr'><strong>puto:</strong></span> <span class='ocrx_word' id='word_1_23' title='bbox 769 919 994 963; x_wconf 81' lang='lat' dir='ltr'><strong>curam</strong></span> <span class='ocrx_word' id='word_1_24' title='bbox 1038 903 1292 985; x_wconf 79' lang='lat' dir='ltr'><em>antiqui</em></span> <span class='ocrx_word' id='word_1_25' title='bbox 1329 904 1690 968; x_wconf 79' lang='lat' dir='ltr'><strong>ministerii.</strong></span> <span class='ocrx_word' id='word_1_26' title='bbox 1778 903 2208 969; x_wconf 90' lang='lat' dir='ltr'><strong>Ministerium</strong></span> <span class='ocrx_word' id='word_1_27' title='bbox 2251 906 2354 967; x_wconf 91' lang='lat' dir='ltr'><strong>est</strong></span> <span class='ocrx_word' id='word_1_28' title='bbox 2389 901 2793 966; x_wconf 77' lang='lat' dir='ltr'><strong>territorium</strong></span> 
     </span>
     <span class='ocr_line' id='line_1_5' title="bbox 531 1008 2791 1101; baseline 0 -23"><span class='ocrx_word' id='word_1_29' title='bbox 531 1012 945 1096; x_wconf 81' lang='lat' dir='ltr'><strong>episcopatus</strong></span> <span class='ocrx_word' id='word_1_30' title='bbox 967 1063 982 1092; x_wconf 94' lang='lat'><strong>,</strong></span> <span class='ocrx_word' id='word_1_31' title='bbox 1052 1033 1181 1097; x_wconf 90' lang='lat' dir='ltr'><strong>quo</strong></span> <span class='ocrx_word' id='word_1_32' title='bbox 1224 1034 1421 1080; x_wconf 90' lang='lat' dir='ltr'><strong>sensu</strong></span> <span class='ocrx_word' id='word_1_33' title='bbox 1477 1015 1547 1080; x_wconf 92' lang='lat' dir='ltr'><strong>in</strong></span> <span class='ocrx_word' id='word_1_34' title='bbox 1591 1015 1735 1081; x_wconf 88' lang='lat' dir='ltr'><strong>aliis</strong></span> <span class='ocrx_word' id='word_1_35' title='bbox 1782 1035 2040 1101; x_wconf 90' lang='lat' dir='ltr'><strong>quoque</strong></span> <span class='ocrx_word' id='word_1_36' title='bbox 2102 1008 2392 1099; x_wconf 88' lang='lat' dir='ltr'><strong>epistolis</strong></span> <span class='ocrx_word' id='word_1_37' title='bbox 2438 1012 2791 1098; x_wconf 83' lang='lat' dir='ltr'>Gregorius</span> 
     </span>
     <span class='ocr_line' id='line_1_6' title="bbox 529 1130 1089 1210; baseline -0.002 -19"><span class='ocrx_word' id='word_1_38' title='bbox 529 1146 752 1193; x_wconf 87' lang='lat' dir='ltr'><strong>vocem</strong></span> <span class='ocrx_word' id='word_1_39' title='bbox 795 1130 1089 1210; x_wconf 77' lang='lat' dir='ltr'><strong>usurpat.</strong></span> 
     </span>
    </p>
   </div>
   <div class='ocr_carea' id='block_1_3' title="bbox 700 1264 2795 1353">
    <p class='ocr_par' dir='ltr' id='par_1_4' title="bbox 700 1264 2795 1353">
     <span class='ocr_line' id='line_1_7' title="bbox 700 1264 2795 1353; baseline -0 -24"><span class='ocrx_word' id='word_1_40' title='bbox 700 1264 951 1333; x_wconf 79' lang='lat' dir='ltr'><strong>Eodem</strong></span> <span class='ocrx_word' id='word_1_41' title='bbox 990 1268 1126 1330; x_wconf 84' lang='lat' dir='ltr'><strong>loco</strong></span> <span class='ocrx_word' id='word_1_42' title='bbox 1175 1264 1285 1352; x_wconf 87' lang='lat' dir='ltr'><strong>(M.</strong></span> <span class='ocrx_word' id='word_1_43' title='bbox 1339 1270 1458 1332; x_wconf 87' lang='lat'><strong>167</strong></span> <span class='ocrx_word' id='word_1_44' title='bbox 1495 1266 1622 1353; x_wconf 78' lang='grc' dir='ltr'>Β.).</span> <span class='ocrx_word' id='word_1_45' title='bbox 1713 1265 2067 1349; x_wconf 84' lang='lat' dir='ltr'><strong>„Dabimus</strong></span> <span class='ocrx_word' id='word_1_46' title='bbox 2112 1266 2311 1333; x_wconf 90' lang='lat' dir='ltr'><strong>etiam</strong></span> <span class='ocrx_word' id='word_1_47' title='bbox 2356 1285 2649 1348; x_wconf 84' lang='lat' dir='ltr'>operam,</span> <span class='ocrx_word' id='word_1_48' title='bbox 2716 1266 2795 1328; x_wconf 89' lang='lat' dir='ltr'><strong>ut</strong></span> 
     </span>
    </p>
   </div>
   <div class='ocr_carea' id='block_1_4' title="bbox 426 1375 2791 1463">
    <p class='ocr_par' dir='ltr' id='par_1_5' title="bbox 426 1375 2791 1463">
     <span class='ocr_line' id='line_1_8' title="bbox 426 1375 2791 1463; baseline -0.001 -19"><span class='ocrx_word' id='word_1_49' title='bbox 426 1444 431 1450; x_wconf 85' lang='grc'><strong>,</strong></span> <span class='ocrx_word' id='word_1_50' title='bbox 533 1398 755 1444; x_wconf 89' lang='lat' dir='ltr'><strong>omnes</strong></span> <span class='ocrx_word' id='word_1_51' title='bbox 797 1375 1023 1443; x_wconf 90' lang='lat' dir='ltr'><strong>fideles</strong></span> <span class='ocrx_word' id='word_1_52' title='bbox 1070 1378 1283 1444; x_wconf 85' lang='lat' dir='ltr'><strong>sancti</strong></span> <span class='ocrx_word' id='word_1_53' title='bbox 1325 1378 1505 1444; x_wconf 91' lang='lat' dir='ltr'><strong>Petri</strong></span> <span class='ocrx_word' id='word_1_54' title='bbox 1569 1378 1876 1445; x_wconf 85' lang='lat' dir='ltr'><strong>adiuvent</strong></span> <span class='ocrx_word' id='word_1_55' title='bbox 1918 1400 2033 1454; x_wconf 83' lang='lat' dir='ltr'><strong>vos</strong></span> <span class='ocrx_word' id='word_1_56' title='bbox 2089 1380 2158 1445; x_wconf 91' lang='lat' dir='ltr'><strong>in</strong></span> <span class='ocrx_word' id='word_1_57' title='bbox 2214 1375 2591 1463; x_wconf 88' lang='lat' dir='ltr'><strong>expellendo</strong></span> <span class='ocrx_word' id='word_1_58' title='bbox 2634 1376 2791 1459; x_wconf 93' lang='lat' dir='ltr'><strong>lupo</strong></span> 
     </span>
    </p>
   </div>
   <div class='ocr_carea' id='block_1_5' title="bbox 526 1489 2795 2936">
    <p class='ocr_par' dir='ltr' id='par_1_6' title="bbox 529 1489 2792 1783">
     <span class='ocr_line' id='line_1_9' title="bbox 531 1489 2792 1577; baseline -0.003 -20"><span class='ocrx_word' id='word_1_59' title='bbox 531 1493 601 1557; x_wconf 91' lang='lat' dir='ltr'><strong>et</strong></span> <span class='ocrx_word' id='word_1_60' title='bbox 621 1489 983 1557; x_wconf 85' lang='lat' dir='ltr'><strong>ordinando</strong></span> <span class='ocrx_word' id='word_1_61' title='bbox 1026 1494 1313 1574; x_wconf 84' lang='lat' dir='ltr'><strong>pastore,</strong></span> <span class='ocrx_word' id='word_1_62' title='bbox 1360 1492 1472 1577; x_wconf 91' lang='lat' dir='ltr'><strong>qui</strong></span> <span class='ocrx_word' id='word_1_63' title='bbox 1510 1513 1617 1558; x_wconf 92' lang='lat' dir='ltr'><strong>res</strong></span> <span class='ocrx_word' id='word_1_64' title='bbox 1640 1496 1896 1558; x_wconf 84' lang='lat' dir='ltr'><strong>vestras</strong></span> <span class='ocrx_word' id='word_1_65' title='bbox 1928 1491 2255 1576; x_wconf 86' lang='lat' dir='ltr'><strong>diripuit.“</strong></span> <span class='ocrx_word' id='word_1_66' title='bbox 2296 1489 2792 1568; x_wconf 71' lang='lat' dir='ltr'><strong>ExordinandO,</strong></span> 
     </span>
     <span class='ocr_line' id='line_1_10' title="bbox 529 1602 2791 1690; baseline -0.002 -20"><span class='ocrx_word' id='word_1_67' title='bbox 529 1625 661 1670; x_wconf 92' lang='lat' dir='ltr'><strong>non</strong></span> <span class='ocrx_word' id='word_1_68' title='bbox 707 1602 1150 1685; x_wconf 87' lang='lat' dir='ltr'><strong>„ordinando“</strong></span> <span class='ocrx_word' id='word_1_69' title='bbox 1195 1603 1547 1689; x_wconf 81' lang='lat' dir='ltr'>Gregorius</span> <span class='ocrx_word' id='word_1_70' title='bbox 1590 1605 1871 1690; x_wconf 88' lang='lat' dir='ltr'><strong>scripsit.</strong></span> <span class='ocrx_word' id='word_1_71' title='bbox 1953 1603 2045 1671; x_wconf 88' lang='lat' dir='ltr'><strong>Cf.</strong></span> <span class='ocrx_word' id='word_1_72' title='bbox 2085 1605 2192 1670; x_wconf 92' lang='lat' dir='ltr'><strong>Du</strong></span> <span class='ocrx_word' id='word_1_73' title='bbox 2236 1602 2453 1688; x_wconf 86' lang='lat' dir='ltr'>Gange</span> <span class='ocrx_word' id='word_1_74' title='bbox 2496 1625 2554 1668; x_wconf 85' lang='lat' dir='ltr'><strong>v.</strong></span> <span class='ocrx_word' id='word_1_75' title='bbox 2601 1622 2791 1668; x_wconf 85' lang='lat' dir='ltr'><strong>exor-</strong></span> 
     </span>
     <span class='ocr_line' id='line_1_11' title="bbox 532 1716 857 1783; baseline -0.006 0"><span class='ocrx_word' id='word_1_76' title='bbox 532 1716 777 1783; x_wconf 88' lang='lat' dir='ltr'><strong>dinare.</strong></span> <span class='ocrx_word' id='word_1_77' title='bbox 854 1736 857 1740; x_wconf 53' lang='lat'><strong><em>⁴</em></strong></span> 
     </span>
    </p>

    <p class='ocr_par' dir='ltr' id='par_1_7' title="bbox 526 1833 2795 2936">
     <span class='ocr_line' id='line_1_12' title="bbox 526 1833 2795 1943; baseline -0.003 -22"><span class='ocrx_word' id='word_1_78' title='bbox 526 1833 533 1840; x_wconf 37' lang='lat'>⁸</span> <span class='ocrx_word' id='word_1_79' title='bbox 699 1855 773 1921; x_wconf 92' lang='lat' dir='ltr'><strong>L.</strong></span> <span class='ocrx_word' id='word_1_80' title='bbox 818 1854 901 1920; x_wconf 88' lang='lat' dir='ltr'><strong>H.</strong></span> <span class='ocrx_word' id='word_1_81' title='bbox 947 1875 1047 1940; x_wconf 93' lang='lat' dir='ltr'><strong>ep.</strong></span> <span class='ocrx_word' id='word_1_82' title='bbox 1096 1859 1176 1922; x_wconf 88' lang='grc'><strong>57</strong></span> <span class='ocrx_word' id='word_1_83' title='bbox 1222 1855 1333 1943; x_wconf 92' lang='grc' dir='ltr'><strong>(Μ.</strong></span> <span class='ocrx_word' id='word_1_84' title='bbox 1385 1860 1507 1922; x_wconf 89' lang='grc'><strong>170</strong></span> <span class='ocrx_word' id='word_1_85' title='bbox 1539 1854 1657 1941; x_wconf 81' lang='grc'>0.).</span> <span class='ocrx_word' id='word_1_86' title='bbox 1733 1855 2050 1937; x_wconf 90' lang='lat' dir='ltr'><strong>„Deceret</strong></span> <span class='ocrx_word' id='word_1_87' title='bbox 2092 1857 2315 1919; x_wconf 85' lang='lat' dir='ltr'><strong>tamen</strong></span> <span class='ocrx_word' id='word_1_88' title='bbox 2357 1872 2473 1918; x_wconf 85' lang='lat' dir='ltr'><strong>vos</strong></span> <span class='ocrx_word' id='word_1_89' title='bbox 2516 1853 2795 1915; x_wconf 89' lang='lat' dir='ltr'><strong>matrem</strong></span> 
     </span>
     <span class='ocr_line' id='line_1_13' title="bbox 531 1963 2792 2051; baseline -0.004 -15"><span class='ocrx_word' id='word_1_90' title='bbox 531 1972 844 2050; x_wconf 83' lang='lat' dir='ltr'><strong>vestram,</strong></span> <span class='ocrx_word' id='word_1_91' title='bbox 911 1968 1306 2034; x_wconf 89' lang='lat' dir='ltr'><strong>Fesulanam</strong></span> <span class='ocrx_word' id='word_1_92' title='bbox 1349 1968 1648 2035; x_wconf 88' lang='lat' dir='ltr'><strong>videlicet</strong></span> <span class='ocrx_word' id='word_1_93' title='bbox 1694 1967 2061 2048; x_wconf 87' lang='lat' dir='ltr'><strong>ecclesiam,</strong></span> <span class='ocrx_word' id='word_1_94' title='bbox 2105 1987 2272 2051; x_wconf 90' lang='lat' dir='ltr'><strong>quae</strong></span> <span class='ocrx_word' id='word_1_95' title='bbox 2305 1985 2438 2030; x_wconf 90' lang='lat' dir='ltr'><strong>non</strong></span> <span class='ocrx_word' id='word_1_96' title='bbox 2479 1963 2792 2048; x_wconf 86' lang='lat' dir='ltr'><strong>peccavit,</strong></span> 
     </span>
     <span class='ocr_line' id='line_1_14' title="bbox 530 2077 2795 2164; baseline -0.003 -17"><span class='ocrx_word' id='word_1_97' title='bbox 530 2082 881 2147; x_wconf 89' lang='lat' dir='ltr'><strong>immunem</strong></span> <span class='ocrx_word' id='word_1_98' title='bbox 954 2081 1285 2147; x_wconf 89' lang='lat' dir='ltr'><strong>custodire</strong></span> <span class='ocrx_word' id='word_1_99' title='bbox 1364 2085 1434 2146; x_wconf 90' lang='lat' dir='ltr'><strong>et</strong></span> <span class='ocrx_word' id='word_1_100' title='bbox 1499 2080 1854 2146; x_wconf 86' lang='lat' dir='ltr'><strong>vindictam</strong></span> <span class='ocrx_word' id='word_1_101' title='bbox 1912 2078 2254 2164; x_wconf 82' lang='lat' dir='ltr'><strong>,peccantis</strong></span> <span class='ocrx_word' id='word_1_102' title='bbox 2333 2077 2795 2143; x_wconf 87' lang='lat' dir='ltr'><strong>detrimentum</strong></span> 
     </span>
     <span class='ocr_line' id='line_1_15' title="bbox 535 2190 2794 2278; baseline -0.003 -18"><span class='ocrx_word' id='word_1_103' title='bbox 535 2192 1102 2278; x_wconf 82' lang='lat' dir='ltr'><strong>confusionemque</strong></span> <span class='ocrx_word' id='word_1_104' title='bbox 1144 2195 1405 2259; x_wconf 87' lang='lat' dir='ltr'><strong>minime</strong></span> <span class='ocrx_word' id='word_1_105' title='bbox 1451 2197 1861 2273; x_wconf 81' lang='lat' dir='ltr'><strong>convertere3</strong></span> <span class='ocrx_word' id='word_1_106' title='bbox 1911 2191 2175 2257; x_wconf 89' lang='lat' dir='ltr'><strong>deceret</strong></span> <span class='ocrx_word' id='word_1_107' title='bbox 2220 2190 2443 2270; x_wconf 90' lang='lat' dir='ltr'><strong>etiam,</strong></span> <span class='ocrx_word' id='word_1_108' title='bbox 2487 2192 2581 2268; x_wconf 91' lang='lat' dir='ltr'><strong>ut,</strong></span> <span class='ocrx_word' id='word_1_109' title='bbox 2629 2206 2794 2271; x_wconf 91' lang='lat' dir='ltr'><strong>quos</strong></span> 
     </span>
     <span class='ocr_line' id='line_1_16' title="bbox 532 2298 2793 2391; baseline -0.004 -19"><span class='ocrx_word' id='word_1_110' title='bbox 532 2306 918 2372; x_wconf 89' lang='lat' dir='ltr'><strong>miserabilis</strong></span> <span class='ocrx_word' id='word_1_111' title='bbox 959 2311 1317 2391; x_wconf 82' lang='lat' dir='ltr'><strong>paupertas</strong></span> <span class='ocrx_word' id='word_1_112' title='bbox 1363 2309 1430 2371; x_wconf 93' lang='lat' dir='ltr'><strong>et</strong></span> <span class='ocrx_word' id='word_1_113' title='bbox 1472 2307 1664 2371; x_wconf 89' lang='lat' dir='ltr'><strong>ruina</strong></span> <span class='ocrx_word' id='word_1_114' title='bbox 1708 2304 2020 2372; x_wconf 90' lang='lat' dir='ltr'><strong>ecclesiae</strong></span> <span class='ocrx_word' id='word_1_115' title='bbox 2042 2307 2299 2370; x_wconf 83' lang='lat' dir='ltr'><strong>vestrae</strong></span> <span class='ocrx_word' id='word_1_116' title='bbox 2339 2298 2793 2385; x_wconf 90' lang='lat' dir='ltr'><strong>compatiendo</strong></span> 
     </span>
     <span class='ocr_line' id='line_1_17' title="bbox 535 2415 2793 2503; baseline -0.003 -18"><span class='ocrx_word' id='word_1_117' title='bbox 535 2440 667 2486; x_wconf 92' lang='lat' dir='ltr'><strong>non</strong></span> <span class='ocrx_word' id='word_1_118' title='bbox 710 2419 951 2503; x_wconf 87' lang='lat' dir='ltr'><strong>tangit,</strong></span> <span class='ocrx_word' id='word_1_119' title='bbox 1016 2419 1405 2485; x_wconf 86' lang='lat' dir='ltr'><strong>verecundia</strong></span> <span class='ocrx_word' id='word_1_120' title='bbox 1450 2419 1695 2484; x_wconf 90' lang='lat' dir='ltr'><strong>saeculi</strong></span> <span class='ocrx_word' id='word_1_121' title='bbox 1738 2423 1806 2484; x_wconf 92' lang='lat' dir='ltr'><strong>et</strong></span> <span class='ocrx_word' id='word_1_122' title='bbox 1847 2417 2177 2483; x_wconf 89' lang='lat' dir='ltr'><strong>infirmata</strong></span> <span class='ocrx_word' id='word_1_123' title='bbox 2220 2420 2287 2481; x_wconf 92' lang='lat' dir='ltr'><strong>et</strong></span> <span class='ocrx_word' id='word_1_124' title='bbox 2333 2415 2593 2481; x_wconf 89' lang='lat' dir='ltr'><strong>omnino</strong></span> <span class='ocrx_word' id='word_1_125' title='bbox 2640 2433 2793 2478; x_wconf 88' lang='lat' dir='ltr'><strong>con-</strong></span> 
     </span>
     <span class='ocr_line' id='line_1_18' title="bbox 535 2526 2791 2617; baseline -0.003 -21"><span class='ocrx_word' id='word_1_126' title='bbox 535 2531 767 2617; x_wconf 83' lang='lat' dir='ltr'><strong>temtui</strong></span> <span class='ocrx_word' id='word_1_127' title='bbox 808 2530 1035 2598; x_wconf 86' lang='lat' dir='ltr'><strong>habita</strong></span> <span class='ocrx_word' id='word_1_128' title='bbox 1074 2533 1370 2615; x_wconf 88' lang='lat' dir='ltr'><strong>quaestio</strong></span> <span class='ocrx_word' id='word_1_129' title='bbox 1393 2535 1615 2598; x_wconf 85' lang='lat' dir='ltr'><strong>vestra</strong></span> <span class='ocrx_word' id='word_1_130' title='bbox 1659 2531 1987 2596; x_wconf 89' lang='lat' dir='ltr'><strong>silentium</strong></span> <span class='ocrx_word' id='word_1_131' title='bbox 2029 2531 2362 2614; x_wconf 89' lang='lat' dir='ltr'><strong>imponere</strong></span> <span class='ocrx_word' id='word_1_132' title='bbox 2398 2526 2791 2592; x_wconf 88' lang='lat' dir='ltr'><strong>debuisset.“</strong></span> 
     </span>
     <span class='ocr_line' id='line_1_19' title="bbox 533 2640 2793 2736; baseline -0.003 -26"><span class='ocrx_word' id='word_1_133' title='bbox 533 2644 839 2710; x_wconf 87' lang='lat' dir='ltr'><strong>Editores</strong></span> <span class='ocrx_word' id='word_1_134' title='bbox 882 2648 1035 2736; x_wconf 91' lang='lat' dir='ltr'><strong>post</strong></span> <span class='ocrx_word' id='word_1_135' title='bbox 1067 2646 1477 2729; x_wconf 87' lang='lat' dir='ltr'><strong>„peccantis“</strong></span> <span class='ocrx_word' id='word_1_136' title='bbox 1522 2644 1919 2711; x_wconf 91' lang='lat' dir='ltr'><strong>addiderunt</strong></span> <span class='ocrx_word' id='word_1_137' title='bbox 1960 2647 2047 2724; x_wconf 81' lang='lat' dir='ltr'><strong>in,</strong></span> <span class='ocrx_word' id='word_1_138' title='bbox 2096 2642 2214 2709; x_wconf 89' lang='lat' dir='ltr'><strong>sed</strong></span> <span class='ocrx_word' id='word_1_139' title='bbox 2258 2640 2635 2707; x_wconf 86' lang='lat' dir='ltr'><strong>adiiciamus</strong></span> <span class='ocrx_word' id='word_1_140' title='bbox 2679 2658 2793 2703; x_wconf 90' lang='lat' dir='ltr'><strong>ne-</strong></span> 
     </span>
     <span class='ocr_line' id='line_1_20' title="bbox 535 2751 2794 2840; baseline -0.003 -17"><span class='ocrx_word' id='word_1_141' title='bbox 535 2777 716 2823; x_wconf 88' lang='lat' dir='ltr'><strong>cesse</strong></span> <span class='ocrx_word' id='word_1_142' title='bbox 762 2763 866 2823; x_wconf 90' lang='lat' dir='ltr'><strong>est</strong></span> <span class='ocrx_word' id='word_1_143' title='bbox 906 2760 976 2821; x_wconf 81' lang='lat' dir='ltr'><strong>in</strong></span> <span class='ocrx_word' id='word_1_144' title='bbox 1019 2760 1329 2823; x_wconf 81' lang='lat' dir='ltr'><strong>ecclesiae.</strong></span> <span class='ocrx_word' id='word_1_145' title='bbox 1417 2758 1545 2825; x_wconf 92' lang='lat' dir='ltr'><strong>Pro</strong></span> <span class='ocrx_word' id='word_1_146' title='bbox 1591 2756 1998 2840; x_wconf 85' lang='lat' dir='ltr'><strong>„infirmata“</strong></span> <span class='ocrx_word' id='word_1_147' title='bbox 2032 2756 2364 2836; x_wconf 84' lang='lat' dir='ltr'><strong>infamata</strong></span> <span class='ocrx_word' id='word_1_148' title='bbox 2383 2752 2560 2819; x_wconf 91' lang='lat' dir='ltr'><strong>haud</strong></span> <span class='ocrx_word' id='word_1_149' title='bbox 2599 2751 2794 2817; x_wconf 91' lang='lat' dir='ltr'><strong>dubie</strong></span> 
     </span>
     <span class='ocr_line' id='line_1_21' title="bbox 533 2869 2168 2936; baseline -0.004 -1"><span class='ocrx_word' id='word_1_150' title='bbox 533 2869 963 2936; x_wconf 90' lang='lat' dir='ltr'><strong>scribendum.</strong></span> <span class='ocrx_word' id='word_1_151' title='bbox 2164 2877 2168 2880; x_wconf 69' lang='grc'>“</span> 
     </span>
    </p>
   </div>
   <div class='ocr_carea' id='block_1_6' title="bbox 705 2991 2903 3094">
    <p class='ocr_par' dir='ltr' id='par_1_8' title="bbox 705 2991 2903 3094">
     <span class='ocr_line' id='line_1_22' title="bbox 705 2991 2903 3094; baseline -0.003 -21"><span class='ocrx_word' id='word_1_152' title='bbox 705 3006 777 3074; x_wconf 95' lang='lat' dir='ltr'><strong>L.</strong></span> <span class='ocrx_word' id='word_1_153' title='bbox 801 3007 881 3072; x_wconf 90' lang='lat' dir='ltr'><strong>H.</strong></span> <span class='ocrx_word' id='word_1_154' title='bbox 908 3029 1007 3092; x_wconf 91' lang='lat' dir='ltr'><strong>ep.</strong></span> <span class='ocrx_word' id='word_1_155' title='bbox 1034 3011 1116 3073; x_wconf 82' lang='lat'><strong>58</strong></span> <span class='ocrx_word' id='word_1_156' title='bbox 1150 3007 1262 3093; x_wconf 91' lang='lat' dir='ltr'><strong>(M.</strong></span> <span class='ocrx_word' id='word_1_157' title='bbox 1293 3012 1407 3074; x_wconf 89' lang='grc'><strong>171</strong></span> <span class='ocrx_word' id='word_1_158' title='bbox 1436 3008 1563 3093; x_wconf 92' lang='grc' dir='ltr'>Α.).</span> <span class='ocrx_word' id='word_1_159' title='bbox 1634 3006 2091 3094; x_wconf 82' lang='lat' dir='ltr'><strong>„Quapropter</strong></span> <span class='ocrx_word' id='word_1_160' title='bbox 2113 3003 2590 3089; x_wconf 84' lang='lat' dir='ltr'><strong>suffraganeum</strong></span> <span class='ocrx_word' id='word_1_161' title='bbox 2610 3006 2795 3069; x_wconf 91' lang='lat' dir='ltr'><strong>tuum</strong></span> <span class='ocrx_word' id='word_1_162' title='bbox 2899 2991 2903 2995; x_wconf 41' lang='lat'>⁵</span> 
     </span>
    </p>
   </div>
   <div class='ocr_carea' id='block_1_7' title="bbox 532 3117 2795 3892">
    <p class='ocr_par' dir='ltr' id='par_1_9' title="bbox 532 3117 2795 3892">
     <span class='ocr_line' id='line_1_23' title="bbox 532 3117 2794 3204; baseline -0.002 -18"><span class='ocrx_word' id='word_1_163' title='bbox 532 3120 1026 3188; x_wconf 86' lang='lat' dir='ltr'><strong>Noviomensem</strong></span> <span class='ocrx_word' id='word_1_164' title='bbox 1050 3121 1422 3204; x_wconf 90' lang='lat' dir='ltr'><strong>episcopum</strong></span> <span class='ocrx_word' id='word_1_165' title='bbox 1463 3141 1584 3204; x_wconf 92' lang='lat' dir='ltr'><strong>per</strong></span> <span class='ocrx_word' id='word_1_166' title='bbox 1626 3125 1695 3186; x_wconf 90' lang='lat' dir='ltr'><strong>te</strong></span> <span class='ocrx_word' id='word_1_167' title='bbox 1721 3119 2230 3186; x_wconf 85' lang='lat' dir='ltr'><strong>conveniendum</strong></span> <span class='ocrx_word' id='word_1_168' title='bbox 2262 3129 2405 3184; x_wconf 88' lang='lat' dir='ltr'><strong>esse</strong></span> <span class='ocrx_word' id='word_1_169' title='bbox 2428 3117 2794 3183; x_wconf 91' lang='lat' dir='ltr'><strong>censuimus</strong></span> 
     </span>
     <span class='ocr_line' id='line_1_24' title="bbox 534 3225 2795 3316; baseline -0.003 -16"><span class='ocrx_word' id='word_1_170' title='bbox 534 3238 604 3300; x_wconf 89' lang='lat' dir='ltr'><strong>et</strong></span> <span class='ocrx_word' id='word_1_171' title='bbox 647 3232 728 3299; x_wconf 91' lang='lat' dir='ltr'><strong>de</strong></span> <span class='ocrx_word' id='word_1_172' title='bbox 771 3237 964 3299; x_wconf 88' lang='lat' dir='ltr'><strong>tanta</strong></span> <span class='ocrx_word' id='word_1_173' title='bbox 1004 3232 1452 3316; x_wconf 88' lang='lat' dir='ltr'><strong>perversitate,</strong></span> <span class='ocrx_word' id='word_1_174' title='bbox 1499 3234 1553 3298; x_wconf 93' lang='lat' dir='ltr'><strong>si</strong></span> <span class='ocrx_word' id='word_1_175' title='bbox 1594 3233 1692 3298; x_wconf 90' lang='lat' dir='ltr'><strong>ita</strong></span> <span class='ocrx_word' id='word_1_176' title='bbox 1735 3254 1879 3299; x_wconf 92' lang='lat' dir='ltr'><strong>esse</strong></span> <span class='ocrx_word' id='word_1_177' title='bbox 1925 3232 2321 3312; x_wconf 89' lang='lat' dir='ltr'><strong>constiterit,</strong></span> <span class='ocrx_word' id='word_1_178' title='bbox 2368 3231 2653 3314; x_wconf 84' lang='lat' dir='ltr'><strong>severius</strong></span> <span class='ocrx_word' id='word_1_179' title='bbox 2695 3225 2795 3295; x_wconf 88' lang='lat' dir='ltr'><strong>in-</strong></span> 
     </span>
     <span class='ocr_line' id='line_1_25' title="bbox 536 3341 2793 3431; baseline -0.003 -19"><span class='ocrx_word' id='word_1_180' title='bbox 536 3345 934 3431; x_wconf 90' lang='lat' dir='ltr'><strong>crepandum</strong></span> <span class='ocrx_word' id='word_1_181' title='bbox 977 3366 1056 3411; x_wconf 89' lang='lat' dir='ltr'><strong>ac</strong></span> <span class='ocrx_word' id='word_1_182' title='bbox 1098 3344 1370 3411; x_wconf 88' lang='lat' dir='ltr'><strong>subinde</strong></span> <span class='ocrx_word' id='word_1_183' title='bbox 1414 3344 1911 3425; x_wconf 91' lang='lat' dir='ltr'><strong>admonendum,</strong></span> <span class='ocrx_word' id='word_1_184' title='bbox 1955 3346 2150 3411; x_wconf 91' lang='lat' dir='ltr'><strong>immo</strong></span> <span class='ocrx_word' id='word_1_185' title='bbox 2186 3345 2385 3411; x_wconf 87' lang='lat' dir='ltr'><strong>etiam</strong></span> <span class='ocrx_word' id='word_1_186' title='bbox 2408 3341 2793 3426; x_wconf 91' lang='lat' dir='ltr'><strong>compellen-</strong></span> 
     </span>
     <span class='ocr_line' id='line_1_26' title="bbox 534 3457 2793 3543; baseline -0.002 -18"><span class='ocrx_word' id='word_1_187' title='bbox 534 3457 705 3540; x_wconf 90' lang='lat' dir='ltr'><strong>dum,</strong></span> <span class='ocrx_word' id='word_1_188' title='bbox 750 3462 825 3524; x_wconf 93' lang='lat' dir='ltr'><strong>ut</strong></span> <span class='ocrx_word' id='word_1_189' title='bbox 871 3479 1190 3530; x_wconf 88' lang='lat' dir='ltr'><strong>canonum</strong></span> <span class='ocrx_word' id='word_1_190' title='bbox 1235 3462 1489 3524; x_wconf 88' lang='lat' dir='ltr'><strong>statuta</strong></span> <span class='ocrx_word' id='word_1_191' title='bbox 1532 3458 1864 3543; x_wconf 91' lang='lat' dir='ltr'><strong>sequendo</strong></span> <span class='ocrx_word' id='word_1_192' title='bbox 1910 3458 2249 3524; x_wconf 87' lang='lat' dir='ltr'><strong>ecclesiam</strong></span> <span class='ocrx_word' id='word_1_193' title='bbox 2293 3457 2793 3535; x_wconf 88' lang='lat' dir='ltr'><strong>Traiectensem,</strong></span> 
     </span>
     <span class='ocr_line' id='line_1_27' title="bbox 535 3571 2793 3657; baseline -0.002 -20"><span class='ocrx_word' id='word_1_194' title='bbox 535 3591 701 3657; x_wconf 92' lang='lat' dir='ltr'><strong>quae</strong></span> <span class='ocrx_word' id='word_1_195' title='bbox 745 3574 937 3637; x_wconf 91' lang='lat' dir='ltr'><strong>tanto</strong></span> <span class='ocrx_word' id='word_1_196' title='bbox 981 3575 1275 3655; x_wconf 91' lang='lat' dir='ltr'><strong>tempore</strong></span> <span class='ocrx_word' id='word_1_197' title='bbox 1318 3571 1615 3655; x_wconf 89' lang='lat' dir='ltr'><strong>possedit</strong></span> <span class='ocrx_word' id='word_1_198' title='bbox 1656 3593 1778 3638; x_wconf 93' lang='lat' dir='ltr'><strong>sua</strong></span> <span class='ocrx_word' id='word_1_199' title='bbox 1818 3571 2272 3656; x_wconf 85' lang='lat' dir='ltr'><strong>expoliatione,</strong></span> <span class='ocrx_word' id='word_1_200' title='bbox 2320 3571 2459 3635; x_wconf 91' lang='lat' dir='ltr'><strong>sine</strong></span> <span class='ocrx_word' id='word_1_201' title='bbox 2481 3590 2668 3635; x_wconf 90' lang='lat' dir='ltr'><strong>mora</strong></span> <span class='ocrx_word' id='word_1_202' title='bbox 2688 3589 2793 3633; x_wconf 91' lang='lat' dir='ltr'><strong>re-</strong></span> 
     </span>
     <span class='ocr_line' id='line_1_28' title="bbox 532 3682 2792 3767; baseline -0.002 -17"><span class='ocrx_word' id='word_1_203' title='bbox 532 3683 864 3750; x_wconf 88' lang='lat' dir='ltr'><strong>inducat.“</strong></span> <span class='ocrx_word' id='word_1_204' title='bbox 930 3686 1099 3748; x_wconf 79' lang='lat' dir='ltr'><strong>Ante</strong></span> <span class='ocrx_word' id='word_1_205' title='bbox 1139 3704 1326 3748; x_wconf 82' lang='lat' dir='ltr'><strong>suam</strong></span> <span class='ocrx_word' id='word_1_206' title='bbox 1370 3687 1867 3766; x_wconf 55' lang='lat' dir='ltr'><strong>exspoliationem</strong></span> <span class='ocrx_word' id='word_1_207' title='bbox 1902 3683 2172 3751; x_wconf 90' lang='lat' dir='ltr'><strong>coniicio</strong></span> <span class='ocrx_word' id='word_1_208' title='bbox 2196 3682 2398 3755; x_wconf 84' lang='lat' dir='ltr'><strong>adea</strong></span> <span class='ocrx_word' id='word_1_209' title='bbox 2417 3682 2792 3767; x_wconf 87' lang='lat' dir='ltr'><strong>respiciens,</strong></span> 
     </span>
     <span class='ocr_line' id='line_1_29' title="bbox 535 3797 2437 3892; baseline -0.002 -29"><span class='ocrx_word' id='word_1_210' title='bbox 535 3819 702 3883; x_wconf 91' lang='lat' dir='ltr'><strong>quae</strong></span> <span class='ocrx_word' id='word_1_211' title='bbox 742 3797 933 3892; x_wconf 85' lang='lat' dir='ltr'><strong>initio</strong></span> <span class='ocrx_word' id='word_1_212' title='bbox 977 3798 1345 3863; x_wconf 86' lang='lat' dir='ltr'><strong>litterarum</strong></span> <span class='ocrx_word' id='word_1_213' title='bbox 1389 3800 1698 3863; x_wconf 90' lang='lat' dir='ltr'><strong>enarrata</strong></span> <span class='ocrx_word' id='word_1_214' title='bbox 1741 3800 1915 3862; x_wconf 90' lang='lat' dir='ltr'><strong>sunt.</strong></span> <span class='ocrx_word' id='word_1_215' title='bbox 2435 3816 2437 3819; x_wconf 69' lang='grc'>’</span> 
     </span>
    </p>
   </div>
   <div class='ocr_carea' id='block_1_8' title="bbox 535 3940 2795 4490">
    <p class='ocr_par' dir='ltr' id='par_1_10' title="bbox 535 3940 2795 4490">
     <span class='ocr_line' id='line_1_30' title="bbox 705 3940 2795 4030; baseline -0.001 -21"><span class='ocrx_word' id='word_1_216' title='bbox 705 3944 777 4009; x_wconf 89' lang='lat' dir='ltr'><strong>L.</strong></span> <span class='ocrx_word' id='word_1_217' title='bbox 822 3944 904 4010; x_wconf 89' lang='lat' dir='ltr'><strong>H.</strong></span> <span class='ocrx_word' id='word_1_218' title='bbox 952 3964 1053 4028; x_wconf 88' lang='lat' dir='ltr'><strong>ep.</strong></span> <span class='ocrx_word' id='word_1_219' title='bbox 1101 3948 1181 4010; x_wconf 89' lang='grc'><strong>67</strong></span> <span class='ocrx_word' id='word_1_220' title='bbox 1233 3944 1343 4030; x_wconf 94' lang='lat' dir='ltr'><strong>(M.</strong></span> <span class='ocrx_word' id='word_1_221' title='bbox 1396 3949 1513 4009; x_wconf 89' lang='grc'><strong>177</strong></span> <span class='ocrx_word' id='word_1_222' title='bbox 1552 3945 1676 4029; x_wconf 89' lang='grc' dir='ltr'>Β.).</span> <span class='ocrx_word' id='word_1_223' title='bbox 1770 3942 1943 4024; x_wconf 86' lang='lat' dir='ltr'><strong>„Sed</strong></span> <span class='ocrx_word' id='word_1_224' title='bbox 1984 3948 2062 4009; x_wconf 89' lang='lat' dir='ltr'><strong>ut</strong></span> <span class='ocrx_word' id='word_1_225' title='bbox 2107 3963 2202 4024; x_wconf 90' lang='lat' dir='ltr'><strong>ea,</strong></span> <span class='ocrx_word' id='word_1_226' title='bbox 2250 3962 2418 4028; x_wconf 91' lang='lat' dir='ltr'><strong>quae</strong></span> <span class='ocrx_word' id='word_1_227' title='bbox 2464 3940 2795 4008; x_wconf 87' lang='lat' dir='ltr'><strong>dilectioni</strong></span> 
     </span>
     <span class='ocr_line' id='line_1_31' title="bbox 535 4054 2792 4141; baseline -0.001 -18"><span class='ocrx_word' id='word_1_228' title='bbox 535 4061 691 4123; x_wconf 91' lang='lat' dir='ltr'><strong>tuae</strong></span> <span class='ocrx_word' id='word_1_229' title='bbox 748 4057 1170 4141; x_wconf 87' lang='lat' dir='ltr'><strong>iniungimus,</strong></span> <span class='ocrx_word' id='word_1_230' title='bbox 1253 4055 1771 4140; x_wconf 90' lang='lat' dir='ltr'><strong>compendiosius</strong></span> <span class='ocrx_word' id='word_1_231' title='bbox 1838 4055 2291 4140; x_wconf 85' lang='lat' dir='ltr'><strong>efficaciusque</strong></span> <span class='ocrx_word' id='word_1_232' title='bbox 2355 4054 2792 4139; x_wconf 88' lang='lat' dir='ltr'><strong>prosequaris,</strong></span> 
     </span>
     <span class='ocr_line' id='line_1_32' title="bbox 537 4168 2792 4253; baseline -0.002 -16"><span class='ocrx_word' id='word_1_233' title='bbox 537 4192 685 4237; x_wconf 91' lang='lat' dir='ltr'><strong>cum</strong></span> <span class='ocrx_word' id='word_1_234' title='bbox 727 4168 1043 4236; x_wconf 86' lang='lat' dir='ltr'><strong>fratribus</strong></span> <span class='ocrx_word' id='word_1_235' title='bbox 1089 4172 1159 4234; x_wconf 89' lang='lat' dir='ltr'><strong>et</strong></span> <span class='ocrx_word' id='word_1_236' title='bbox 1203 4169 1603 4253; x_wconf 90' lang='lat' dir='ltr'><strong>coepiscopis</strong></span> <span class='ocrx_word' id='word_1_237' title='bbox 1660 4169 1795 4234; x_wconf 92' lang='lat' dir='ltr'><strong>tuis</strong></span> <span class='ocrx_word' id='word_1_238' title='bbox 1862 4169 2204 4235; x_wconf 89' lang='lat' dir='ltr'><strong>concilium</strong></span> <span class='ocrx_word' id='word_1_239' title='bbox 2248 4171 2316 4233; x_wconf 90' lang='lat' dir='ltr'><strong>te</strong></span> <span class='ocrx_word' id='word_1_240' title='bbox 2363 4188 2595 4252; x_wconf 90' lang='lat' dir='ltr'><strong>cogere</strong></span> <span class='ocrx_word' id='word_1_241' title='bbox 2642 4187 2792 4233; x_wconf 89' lang='lat' dir='ltr'><strong>sua-</strong></span> 
     </span>
     <span class='ocr_line' id='line_1_33' title="bbox 537 4281 2791 4368; baseline -0.002 -18"><span class='ocrx_word' id='word_1_242' title='bbox 537 4282 783 4365; x_wconf 93' lang='lat' dir='ltr'><strong>demus,</strong></span> <span class='ocrx_word' id='word_1_243' title='bbox 826 4285 898 4350; x_wconf 92' lang='lat' dir='ltr'><strong>in</strong></span> <span class='ocrx_word' id='word_1_244' title='bbox 942 4303 1091 4368; x_wconf 91' lang='lat' dir='ltr'><strong>quo,</strong></span> <span class='ocrx_word' id='word_1_245' title='bbox 1137 4303 1333 4366; x_wconf 87' lang='lat' dir='ltr'><strong>quam</strong></span> <span class='ocrx_word' id='word_1_246' title='bbox 1374 4282 1653 4347; x_wconf 86' lang='lat' dir='ltr'><strong>maximo</strong></span> <span class='ocrx_word' id='word_1_247' title='bbox 1697 4282 1945 4365; x_wconf 90' lang='lat' dir='ltr'><strong>poteris</strong></span> <span class='ocrx_word' id='word_1_248' title='bbox 1992 4281 2376 4347; x_wconf 91' lang='lat' dir='ltr'><strong>clericorum</strong></span> <span class='ocrx_word' id='word_1_249' title='bbox 2421 4283 2613 4347; x_wconf 86' lang='lat' dir='ltr'><strong>coetu</strong></span> <span class='ocrx_word' id='word_1_250' title='bbox 2638 4300 2791 4347; x_wconf 89' lang='lat' dir='ltr'><strong>con-</strong></span> 
     </span>
     <span class='ocr_line' id='line_1_34' title="bbox 535 4392 2791 4490; baseline -0.001 -27"><span class='ocrx_word' id='word_1_251' title='bbox 535 4401 836 4484; x_wconf 85' lang='lat' dir='ltr'><strong>gregato,</strong></span> <span class='ocrx_word' id='word_1_252' title='bbox 900 4396 1078 4490; x_wconf 85' lang='lat' dir='ltr'><strong>leges</strong></span> <span class='ocrx_word' id='word_1_253' title='bbox 1145 4393 1493 4469; x_wconf 84' lang='lat' dir='ltr'><strong>canonicas</strong></span> <span class='ocrx_word' id='word_1_254' title='bbox 1559 4397 1628 4460; x_wconf 89' lang='lat' dir='ltr'><strong>et</strong></span> <span class='ocrx_word' id='word_1_255' title='bbox 1670 4392 1846 4464; x_wconf 88' lang='lat' dir='ltr'><strong>sedis</strong></span> <span class='ocrx_word' id='word_1_256' title='bbox 1890 4394 2291 4483; x_wconf 83' lang='lat' dir='ltr'><strong>apostolicae</strong></span> <span class='ocrx_word' id='word_1_257' title='bbox 2328 4394 2791 4466; x_wconf 86' lang='lat' dir='ltr'><strong>auctoritatem</strong></span> 
     </span>
    </p>
   </div>
  </div>
 </body>
</html>
