3371 5259
542 2183 551 2194 ,
650 2124 765 2176 273.

666 725 889 764 Editionis

656 794 911 834 Mansiauae

718 865 858 903 locus.

634 949 750 999 271.
793 949 851 1000 C.

634 1055 749 1104 271.
789 1053 856 1102 D.

636 1245 751 1297 271.
788 1245 852 1293 Ε.

637 1348 754 1397 272.
793 1348 858 1397 Α.

638 1538 755 1589 272.
792 1537 853 1588 Β.

795 1726 856 1775 {²³

638 1728 755 1777 272.

641 1917 757 1967 273.

640 2021 755 2074 273.

650 2228 765 2278 275.

651 2330 770 2384 276.

651 2435 768 2484 276.

652 2541 767 2592 2¹28.

653 2645 766 2697 278.

651 2748 769 2798 279.

654 2854 768 2902 282.

794 1919 875 2903 ΦῩΦΫΡἹΨΡΡᾸΨῩ

657 3044 771 3094 283.

809 3044 869 3094 0

647 3234 771 3282 ’283.

807 3234 876 3284 ‚U

814 3511 874 3558 ,Η

658 3509 772 3568 283,

658 3614 774 3664 284.

811 3613 871 3664 {²³

657 3806 773 3855 284.
818 3805 878 3858 Β.

659 3910 774 3959 285.
815 3909 882 3958 D.

663 4015 779 4063 288.
818 4012 882 4064 Β.

660 4135 775 4186 288.
815 4135 883 4184 D.

663 4344 778 4393 289.
815 4343 878 4394 Β.

663 4447 780 4499 291.
818 4450 885 4498 A.

1534 554 1962 613 -24-

1379 774 1528 813 Lectio

1353 844 1557 894 vulgaris.

1009 948 1169 1003 debet
1207 962 1496 1015 apponere.

1010 1050 1076 1105 N.
1116 1050 1405 1105 venerabili
1445 1049 1796 1110 cluniacensi.

1015 1242 1158 1296 ultra
1192 1242 1326 1295 haec
1364 1239 1542 1294 debes.

1008 1346 1064 1400 in
1110 1352 1166 1400 te
1212 1344 1563 1399 obedientiam
1610 1358 1721 1397 non
1766 1343 1907 1396 inve·

1078 1431 1175 1484 nit.

1013 1536 1100 1603 qui
1146 1535 1319 1589 Deum
1370 1535 1584 1601 timent,
1635 1532 1908 1600 reperiun-

1081 1627 1187 1674 tur.
1452 1626 1465 1641 ’

1012 1732 1253 1779 amantes
1288 1725 1344 1778 in
1378 1729 1497 1777 toto
1519 1723 1799 1777 occidente
1824 1722 1911 1775 vix

1084 1810 1258 1878 aliqui.

1018 1915 1375 1983 HaremannO,
1410 1914 1672 1969 Udolrico.

1020 2019 1314 2075 cavendum
1348 2018 1470 2088 tibi,
1507 2019 1715 2073 scilicet
1748 2035 1814 2089 ne

1023 2122 1089 2176 V.
1126 2122 1255 2177 Idus
1291 2121 1486 2175 Martii.

1022 2227 1112 2281 ille
1148 2226 1286 2280 enim
1320 2240 1428 2278 non
1464 2231 1548 2279 est
1581 2223 1717 2279 adeo
1741 2231 1916 2279 notus.

1026 2329 1280 2399 quidquid
1311 2329 1398 2382 isti
1434 2328 1500 2382 de
1537 2344 1602 2382 ea
1635 2345 1714 2382 re.

1026 2422 1308 2502 Indignum
1346 2434 1543 2502 quippe
1580 2441 1676 2487 est.

1026 2537 1175 2592 VIII.
1213 2536 1487 2592 Kalendas
1522 2538 1743 2605 Aprilis.

1027 2643 1332 2697 carissimus
1368 2644 1674 2697 cohaereas.

1024 2746 1144 2800 illos
1180 2747 1264 2800 vel
1302 2782 1315 2795 .
1345 2787 1355 2797 .
1385 2784 1396 2795 .
1425 2786 1436 2797 .
1476 2745 1725 2800 videlicet
1759 2746 1843 2798 D.
1869 2783 1879 2795 .
1908 2784 1919 2795 .

1028 2851 1318 2905 intentione
1384 2851 1643 2908 ecclesiae
1709 2850 1925 2919 praela-

1095 2937 1272 2991 tionis.

1030 3058 1097 3096 ex
1132 3041 1438 3096 diversitate
1475 3043 1751 3096 connexio,

1028 3233 1082 3285 in
1143 3231 1312 3285 altera
1366 3231 1483 3285 Deo
1537 3231 1737 3301 placita
1797 3232 1923 3286 dile-

1099 3319 1272 3374 ctione
1310 3319 1604 3373 sinceritaS.

1031 3507 1394 3577 appellarent,
1431 3516 1488 3564 ut
1524 3509 1645 3577 ipsi.

1031 3612 1226 3681 gradus
1260 3612 1389 3666 mihi
1423 3612 1477 3666 in
1509 3614 1615 3668 hoc
1649 3615 1880 3669 saeculo.

1031 3804 1154 3858 XII.
1193 3801 1339 3857 Maii.
1560 3867 1566 3874 ¹

1032 3914 1091 3960 tu
1125 3908 1405 3975 potissime
1443 3913 1751 3963 temerator.

1033 4011 1184 4066 nobis
1221 4011 1528 4065 Zeuzonem
1562 4013 1731 4079 quasi.

1036 4133 1170 4187 scias
1225 4138 1281 4185 et
1337 4139 1524 4187 contra
1567 4134 1830 4189 rationem
1878 4142 1932 4188 et

1103 4220 1312 4273 iniuste.

1038 4343 1342 4412 statuimus,
1367 4351 1437 4397 'ut
1471 4343 1515 4396 si
1553 4342 1759 4410 aliquis.

1039 4446 1094 4502 Si
1130 4462 1257 4501 vero
1297 4446 1565 4506 obediens.

2359 772 2510 813 Lectio

2234 844 2402 882 codicis
2431 842 2649 881 Vaticani.

1992 947 2154 1001 debet
2190 960 2479 1015 opponere.
2517 943 2582 995 H.

1991 1051 2057 1105 Η.
2079 1049 2369 1105 venerabili
2388 1048 2724 1103 cluniacensi
2746 1048 2809 1113 (i.
2841 1064 2865 1098 e

2060 1138 2301 1206 Hugoni)
2315 1180 2322 1190 .

1991 1242 2131 1297 inter
2166 1240 2299 1295 haec
2333 1239 2512 1294 debes.

1994 1345 2385 1400 oboedientiam
2419 1345 2475 1397 in
2509 1349 2583 1413 te,
2617 1349 2677 1397 ut
2714 1348 2768 1396 te
2803 1340 2892 1394 de-

2064 1438 2170 1500 cet,
2205 1447 2312 1485 non
2347 1430 2563 1484 invenit.

1996 1536 2086 1606 qui
2121 1535 2294 1589 Deum
2319 1535 2557 1601 timeant,
2581 1530 2893 1600 repperiun-

2006 1630 2012 1635 ’
2064 1629 2169 1676 tur.

1997 1732 2262 1781 amantes.
2291 1724 2378 1776 vix
2432 1723 2487 1775 in
2528 1728 2645 1777 toto
2696 1719 2891 1774 mundo

2068 1811 2342 1867 occidente
2378 1809 2559 1876 aliqui.

1999 1917 2329 1984 HirimannO,
2362 1913 2626 1968 Udelrico.

2002 2020 2291 2077 cavendum
2324 2019 2423 2072 tibi
2460 2023 2569 2077 est,
2605 2032 2690 2070 ne.

2003 2127 2070 2181 V.
2106 2124 2226 2179 Kal.
2265 2122 2464 2177 Martii.

2003 2229 2093 2284 ille
2130 2245 2237 2283 non
2274 2234 2357 2282 est
2392 2226 2527 2280 adeo
2561 2231 2736 2278 notus.

2006 2334 2254 2404 quicquid
2294 2332 2400 2402 ipsi
2435 2332 2501 2386 de
2538 2345 2604 2384 ea
2636 2345 2713 2382 re.

1903 2504 1904 2507 Ἴ
2006 2439 2284 2508 Indignum
2321 2436 2519 2505 quippe
2557 2449 2691 2488 esse.

2007 2542 2204 2598 XVIII.
2241 2540 2512 2595 Kalendas
2546 2537 2763 2606 Aprilis.

2007 2648 2318 2703 karissimus
2354 2646 2663 2700 adhaereas.

2007 2752 2126 2807 illos
2162 2752 2210 2805 E
2242 2791 2255 2802 .
2285 2787 2296 2801 .
2322 2788 2333 2800 .

2009 2856 2305 2911 intentione
2325 2851 2724 2909 ecclesiasticae
2746 2864 2901 2920 prae-

2080 2941 2312 2997 lationis-

2371 2748 2616 2803 videlicet
2652 2746 2735 2800 Ou
2755 2785 2799 2801 ..
2826 2783 2838 2795 .
2901 2824 2908 2829 .

1992 3063 2079 3128 xex
2126 3045 2431 3099 diversitate
2477 3042 2724 3097 contexio
2772 3043 2912 3106 (cor-

2079 3133 2337 3198 riyendum
2377 3138 2473 3183 est:
2508 3128 2825 3194 contextio).

2009 3238 2065 3290 in
2100 3237 2309 3291 alterna
2343 3241 2398 3289 et
2433 3234 2550 3288 Deo
2585 3231 2786 3301 placita
2831 3230 2906 3285 di·

2078 3323 2309 3377 lectione
2375 3320 2656 3375 sinceritas
2721 3318 2907 3384 (corri-

2080 3426 2169 3475 ρει
2215 3408 2517 3463 dilectionis
2555 3406 2924 3488 sinceritate).

2012 3512 2363 3582 appellarent,
2398 3518 2454 3564 et
2487 3511 2593 3579 ipsi

2012 3617 2207 3686 gradus
2227 3617 2281 3670 in
2314 3604 2420 3671 hoc
2455 3612 2669 3669 saeculo
2706 3614 2797 3677 (m.
2826 3628 2906 3663 ex-

2076 3711 2308 3772 punctum
2341 3704 2396 3753 in
2439 3701 2579 3766 Vat.)

2013 3809 2176 3863 *XIL
2212 3807 2334 3861 Kal.
2370 3805 2518 3859 Maii.

2015 3922 2075 3968 tu
2110 3912 2445 3982 potissimum
2478 3914 2791 3964 temerator.

2017 4016 2171 4071 nobis
2207 4016 2513 4069 Teuzonem
2549 4011 2719 4080 quasi.
2737 3999 2738 4002 ’
2756 4009 2819 4059 H.

2018 4138 2155 4193 scias
2190 4143 2378 4191 contra
2411 4134 2673 4188 rationem
2694 4130 2907 4184 iniuste.

2022 4343 2331 4412 StatuimuS,
2366 4341 2414 4395 si
2447 4339 2658 4408 aliquis.

2020 4447 2114 4502 Sin
2146 4461 2272 4499 vero
2310 4442 2616 4500 oboediens.
