3371 5259
616 687 927 769 tuamque
971 687 1040 750 et
1083 682 1485 749 confratrum
1528 681 1815 747 omnium
1840 686 2148 766 patenter
2167 681 2671 767 promulgabis.“
2716 681 2872 749 Cor·

616 797 789 880 rige:
833 799 1213 861 auctoritate
1257 801 1502 880 tuaque,
1550 794 1768 861 omnia
1810 799 1991 861 recte
2036 815 2107 862 se
2151 794 2504 863 habebunt.

789 907 860 975 L.
905 908 985 973 Π.
1033 929 1133 992 ep.
1181 911 1262 977 73
1310 907 1424 987 (M.
1477 911 1596 974 183
1645 906 1765 993 0.).
1866 908 2046 989 ,,ΧΠ.
2092 908 2424 975 Kalendas
2468 907 2683 974 Maii.“
2771 906 2876 973 Sic

614 1021 824 1089 codex
867 1020 1244 1088 Vaticanus,
1358 1019 1486 1086 Sed
1527 1021 1807 1105 epistola
1863 1021 2109 1106 scripta
2166 1026 2269 1087 est
2324 1022 2471 1086 XV.
2545 1020 2877 1084 Kalendas

619 1135 803 1200 Maii.
869 1134 960 1202 cf.
1005 1134 1347 1219 epistolam
1392 1133 1915 1218 subsequentem.
1973 1133 2231 1200 Caraffa
2275 1154 2625 1219 omnesque
2668 1132 2876 1199 edito-

618 1269 752 1314 res:
801 1247 978 1330 „VIL
1023 1247 1229 1327 Kal.“,
1275 1244 1451 1330 quod
1496 1268 1628 1313 non
1673 1247 1817 1313 aliis
1856 1246 2201 1331 praesidiis
2225 1297 2240 1328 ,
2287 1247 2404 1313 sed
2446 1245 2878 1331 negligentiae

619 1361 811 1446 primi
854 1360 1245 1446 typographi
1286 1363 1423 1425 aut.
1446 1359 1864 1425 amanuensis
1910 1358 2205 1426 Caraffae
2248 1359 2668 1426 tribuendum
2703 1362 2824 1425 est.

792 1473 865 1539 L.
911 1473 1023 1538 III.
1071 1495 1169 1557 ep.
1218 1477 1255 1538 7
1303 1472 1420 1551 (M.
1474 1477 1593 1538 192
1638 1472 1770 1549 1).).
1861 1471 2030 1554 „Sed
2066 1473 2219 1557 quia
2261 1473 2705 1539 desideramus
2746 1493 2878 1539 non

621 1588 829 1654 solum
862 1586 1214 1666 vobiscum,
1260 1606 1452 1671 quem
1472 1584 1650 1651 Deus
1695 1585 1763 1651 in
1807 1605 2056 1651 summo
2093 1606 2311 1651 rerum
2332 1587 2555 1670 posuit
2586 1586 2878 1666 culmine,

525 1740 533 1749 ·
623 1700 740 1766 sed
785 1700 982 1765 etiam
1027 1688 1174 1764 cum
1219 1697 1518 1764 omnibus
1562 1696 1931 1764 hominibus
1990 1717 2249 1782 pacem,
2297 1718 2465 1783 quae
2507 1699 2576 1765 in
2620 1697 2878 1765 Christo

623 1816 757 1895 est,
822 1812 1067 1878 habere
1130 1813 1360 1897 iusque
1448 1830 1638 1876 suum
1704 1810 2050 1894 unicuique
2120 1810 2498 1893 observare,
2589 1811 2881 1896 cupimus

623 1946 1028 2009 summopere
1095 1924 1292 1991 corde
1358 1926 1426 1989 et
1494 1924 1710 1990 animo
1778 1924 2196 1990 adhaerere.“
2318 1923 2664 1992 Manifesto
2728 1928 2882 2008 post

623 2043 1111 2123 „summopere“
1157 2036 1399 2104 excidit
1441 2036 1718 2121 aliquid,
1777 2036 2061 2103 fortasse
2104 2039 2335 2102 honori
2372 2043 2611 2112 vestrm
2655 2059 2880 2124 quam-

624 2175 819 2237 quam
864 2152 1063 2218 etiam
1101 2170 1323 2241 reqno,
1368 2151 1700 2214 commodo
1743 2154 1971 2230 vestro,
2011 2150 2140 2218 alia
2180 2150 2338 2217 ferri
2367 2155 2675 2238 possunt.

794 2265 1046 2329 Eodem
1109 2266 1263 2327 loco.
1388 2262 1846 2347 „Quapropter
1909 2258 2150 2329 bonam
2205 2265 2472 2348 concepi
2530 2263 2879 2345 fortunam,

626 2380 779 2466 quia
814 2378 984 2443 hanc
1026 2380 1340 2457 nostram,
1380 2376 1575 2443 immo
1620 2376 1827 2442 totius
1867 2376 2181 2442 ecclesiae
2224 2399 2508 2459 causam,
2562 2378 2882 2462 religiosis

623 2490 992 2559 hominibus
1037 2490 1311 2573 coepisti
1356 2489 1778 2570 committere,
1824 2489 1936 2574 qui
1977 2510 2129 2570 n08,
2173 2510 2307 2556 non
2350 2497 2580 2558 nostra
2622 2490 2881 2573 iniuste,

628 2606 906 2691 diligunt
949 2607 1048 2686 et,
1091 2608 1169 2670 ut
1213 2602 1569 2669 christiana
1609 2603 2019 2670 instauretur
2061 2603 2306 2689 religio,
2345 2625 2530 2670 suam
2571 2603 2881 2672 intentio-

627 2741 777 2787 nem
819 2718 1221 2802 requirunt.“
1329 2715 1707 2782 Harduinus
1752 2717 2056 2783 coniecit:
2110 2718 2355 2800 „solam
2391 2718 2883 2785 intentionem.“

631 2831 758 2899 Sed
798 2852 880 2897 ne
926 2831 1025 2897 sic.
1054 2829 1314 2915 quidem
1338 2830 1553 2896 omnia
1574 2834 1728 2914 apte
1754 2828 2099 2914 quadrant.
2156 2829 2464 2911 „Sincera
2482 2801 2883 2900 intentioneu

630 2943 1042 3013 scribendum
1085 2942 1359 3009 videtur.

799 3056 873 3122 L.
918 3056 1028 3121 III.
1068 3077 1167 3139 ep.
1214 3059 1254 3120 8
1281 3054 1414 3149 =(M.
1445 3059 1564 3120 193
1610 3055 1736 3141 E.).
1827 3052 2033 3135 „Nam
2063 3054 2143 3121 de
2183 3055 2295 3122 illo
2341 3056 2498 3142 quid
2541 3056 2885 3126 dicendum

628 3169 818 3239 nobis
864 3173 983 3251 est,
1027 3169 1155 3253 qui,
1198 3167 1352 3233 dum
1394 3168 1708 3234 honorem
1752 3167 2040 3234 eiusdem
2085 3168 2259 3235 sedis
2297 3169 2597 3236 nefandis
2620 3170 2883 3238 affecta-

572 3346 575 3348 .
629 3289 736 3350 ret
779 3281 1148 3362 desideriis,
1215 3280 1392 3366 quod
1454 3281 1709 3347 iustitia
1763 3281 1888 3348 sibi
1929 3281 2297 3367 denegavit,
2357 3283 2671 3369 sacrilega
2713 3284 2777 3350 vi
2818 3289 2888 3351 et

633 3398 828 3464 armis
868 3394 1175 3461 invadere
1220 3416 1299 3461 ac
1342 3393 1624 3480 diripere
1679 3415 1813 3461 non
1866 3396 2189 3479 pepercit,
2258 3417 2451 3481 quem
2514 3396 2887 3464 ambitionis

635 3510 841 3594 culpa,
888 3530 1083 3593 quam
1126 3507 1428 3574 deserere
1471 3507 1700 3589 noluit,
1745 3529 1952 3592 usque
1997 3507 2082 3574 ad
2121 3509 2363 3575 iustam
2406 3508 2887 3595 dampnationis

632 3628 786 3690 tuae
806 3622 1160 3706 perniciem
1203 3620 1452 3687 traxit?
1517 3621 2057 3705 „Dampnationis
2076 3641 2228 3687 suae
2250 3623 2510 3708 scripsit
2535 3621 2887 3708 Gregorius

634 3735 716 3803 de
761 3734 1114 3802 Godefrido
1160 3753 1381 3817 agenS,
1426 3754 1559 3802 non
1603 3733 1685 3800 de
1732 3734 2039 3801 Tedaldo.
2889 3747 2894 3752 ’

805 3847 877 3915 L.
923 3848 1034 3913 III.
1082 3868 1180 3931 ep.
1229 3852 1266 3912 9
1316 3847 1427 3934 (Μ.
1458 3852 1579 3913 194
1603 3848 1729 3933 Ε.).
1796 3848 2077 3930 „Notum
2119 3846 2302 3914 vobis
2325 3868 2469 3915 esse
2492 3847 2575 3914 de
2600 3833 2887 3915 Tedaldo

634 3960 1103 4029 Mediolanensi
1147 3959 1442 4026 clerico.“
1532 3960 1637 4027 Sic
1682 3960 2059 4028 Vaticanus.
2144 3960 2403 4028 Caraffa
2446 3959 2698 4049 addidit
2735 3965 2891 4045 post

637 4074 926 4157 „vobis“:
972 4073 1299 4152 volumus3
1341 4072 1561 4139 malim
1602 4076 1939 4138 eredimus.

805 4185 1060 4250 Eodem
1102 4188 1235 4249 loco
1285 4185 1395 4271 (M.
1445 4191 1564 4252 195
1588 4186 1715 4272 Α.).
1799 4185 2027 4267 „Quod
2064 4206 2211 4251 cum
2244 4206 2364 4270 per
2396 4184 2713 4271 quosdam
2731 4185 2889 4252 fide·
3012 4261 3020 4268 ,

635 4301 731 4366 les
770 4303 1036 4365 nostros
1080 4302 1377 4364 nostram
1420 4299 1788 4384 requireret
1823 4298 2233 4365 amicitiam.“
2326 4298 2453 4374 Qui
2492 4299 2749 4382 corrige
2770 4348 2785 4363 .

809 4412 880 4486 L.
925 4411 1034 4477 III.
1082 4432 1180 4495 ep.
1234 4416 1312 4477 10
1359 4412 1471 4497 (M.
1522 4415 1640 4477 196
1688 4412 1817 4495 D.).
1907 4410 2360 4498 „Quapropter
2423 4410 2889 4504 providendum
