3371 5259
1540 572 1970 633 ...3ο-

617 745 825 807 strum
866 738 972 804 ille
1014 737 1366 818 exhiberet,
1410 760 1554 804 cum
1590 738 1950 804 Deusdedit
1996 739 2342 805 cardinalis
2384 740 2450 804 in
2498 738 2879 804 collectione

617 860 737 917 Sua
781 872 1101 917 canonum
1145 851 1368 916 laudet
1414 872 1511 933 ep.
1561 857 1642 917 70
1690 855 1757 915 et
1804 856 1881 915 75
1930 872 2008 915 ex
2053 852 2328 934 septimo
2374 851 2571 927 libro,
2638 851 2749 934 qui
2811 851 2879 914 in

617 965 932 1029 Vaticano
979 985 1178 1047 supra
1223 984 1319 1046 ep.
1368 968 1449 1027 28
1495 984 1627 1027 non
1670 963 2105 1046 progreditur.
2196 967 2283 1027 At
2325 963 2467 1028 fieri
2525 964 2760 1045 potuit,
2806 965 2881 1026 ut

616 1075 974 1141 Deusdedit
997 1096 1285 1139 errorem
1326 1075 1606 1158 aliquem
1650 1077 1718 1139 in
1762 1077 2045 1140 numeris
2083 1074 2447 1140 indicandis
2483 1076 2878 1161 admitteret.

618 1189 716 1254 Sit
761 1210 913 1271 ergo
959 1188 1209 1270 integer
1258 1186 1634 1266 VaticanuS,
1680 1187 1823 1251 aliis
1867 1192 2087 1251 tamen
2112 1188 2282 1252 vitiis
2326 1189 2534 1270 iisque
2580 1187 2882 1270 gravissi-

616 1302 736 1365 mis
783 1307 960 1365 certe
998 1298 1309 1363 abundat.
1390 1298 1556 1362 Nam
1601 1320 1641 1362 a
1685 1290 1996 1381 pluribus,
2043 1305 2119 1363 ut
2161 1300 2371 1381 primo
2418 1299 2655 1365 obtutu
2676 1303 2881 1381 patet,

617 1417 924 1477 exaratus
973 1415 1074 1476 est
1114 1410 1428 1489 librariiS‚
1498 1411 1795 1475 Bantinis
1821 1413 1866 1494 ¹)
1935 1413 2060 1475 nisi
2114 1410 2305 1475 fallor
2366 1412 2728 1490 monachi8‚
2774 1410 2885 1493 qui
2972 1438 2976 1442 >

616 1546 827 1608 neque
874 1522 1102 1588 eadem
1148 1528 1291 1586 arte
1336 1542 1546 1604 neque
1592 1524 1736 1605 pari
1783 1523 2119 1606 diligentia
2144 1522 2469 1588 scribendi
2509 1522 2883 1587 utebantur.

616 1638 822 1715 Quam
886 1635 969 1700 ob
1029 1656 1293 1701 causam
1351 1634 1480 1698 alia
1541 1635 1701 1699 satis
1764 1635 2134 1719 emendata,
2203 1636 2332 1701 alia
2394 1636 2884 1700 mendosissime

624 1750 870 1831 scripta
914 1752 1085 1827 sunt,
1130 1766 1338 1829 neque
1386 1746 1853 1829 orthographia
1894 1748 2013 1811 sibi
2055 1754 2333 1828 constat,
2383 1754 2580 1831 atque
2608 1747 2776 1813 ‘alibi
2819 1747 2885 1811 in

624 1862 767 1926 aliis
813 1859 1196 1926 offendimus
1241 1860 1432 1923 vitiis.
1558 1857 1676 1922 Vel
1741 1859 1920 1941 ipsos
1986 1859 2288 1924 librarios
2332 1880 2743 1943 nequaquam
2787 1858 2886 1923 fu-

624 1976 794 2058 gisse
837 1972 1111 2051 videtur,
1159 1992 1353 2054 quam
1400 1991 1594 2052 saepe
1638 1973 1706 2035 in
1750 1993 2016 2063 munere
2061 1973 2228 2055 lapsi
2266 1977 2503 2052 essent,
2552 1993 2694 2036 cum
2739 1991 2886 2053 per-

623 2086 830 2151 multa
872 2085 937 2150 in
982 2084 1169 2164 libro,
1217 2105 1407 2166 quem
1453 2073 1905 2163 confecerunt,
1964 2089 2079 2147 aut
2125 2088 2453 2167 expuncta
2498 2088 2614 2148 aut
2659 2103 2887 2167 supra-

625 2198 872 2280 scripta
914 2202 1030 2261 aut
1074 2196 1203 2260 alia
1245 2196 1501 2260 ratione
1548 2200 1847 2260 correcta
1892 2195 2240 2260 videamus.
2371 2196 2574 2260 Multa
2629 2194 2887 2279 quidem

630 2311 723 2375 sic
767 2310 893 2392 ipsi
936 2309 1067 2401 iam
1107 2311 1549 2387 corr-exerunt,
1599 2307 1716 2371 sed
1738 2329 1871 2372 non
1915 2329 2127 2390 pauca
2168 2309 2421 2372 intacta
2463 2309 2885 2391 reliquerunt,

633 2441 802 2504 quae
845 2420 1298 2484 emendatione
1343 2440 1472 2483 non
1509 2419 1722 2483 minus
1767 2420 2153 2504 indigerent.
2226 2421 2438 2496 Quare
2477 2419 2798 2485 Caraffam
2823 2425 2890 2483 et

626 2531 940 2611 editores,
1008 2532 1117 2613 qui
1172 2551 1323 2619 eum
1381 2533 1640 2613 sequuti
1687 2539 1869 2625 sunt,
1940 2535 2184 2615 optimo
2230 2532 2371 2597 iure
2419 2554 2886 2616 saepenumero

629 2646 867 2711 codicis
911 2644 1256 2707 lectionem
1299 2651 1587 2708 mutasse
1634 2666 1834 2727 supra
1876 2645 2025 2709 dixi.
2124 2646 2349 2729 Neque
2397 2645 2479 2710 ob
2526 2648 2687 2710 alias
2736 2667 2887 2710 cau-

629 2779 736 2823 sas
759 2756 1262 2839 reprehensione
1308 2756 1460 2819 mihi
1505 2755 1680 2839 digni
1705 2757 2023 2836 videntur,
2072 2780 2265 2841 quam
2303 2757 2477 2841 quod
2499 2757 2690 2822 modo
2718 2758 2886 2840 opti-

626 2891 767 2936 mas
815 2867 1056 2933 codicis
1098 2868 1412 2949 lectiones
1479 2873 1724 2933 temere
1791 2870 2335 2953 repudiaverunt,
2403 2870 2596 2935 modo
2665 2891 2888 2935 corru-

628 2986 780 3066 ptos
824 2981 1041 3060 locoS„
1068 3000 1150 3043 ne
1190 2979 1476 3062 periculo
1523 2982 1785 3064 quidam
1828 2981 2296 3046 emendationis
2341 2981 2546 3063 sacto,
2610 3005 2729 3067 pro
2789 2984 2887 3048 in-

631 3093 956 3176 corruptis
1010 3091 1526 3156 venditaverunt.
1650 3094 1906 3176 Itaque:
1947 3083 2075 3158 non
2138 3095 2297 3158 satis
2356 3099 2457 3159 est
2504 3094 2889 3161 Vaticanum

630 3228 825 3291 quam
868 3187 1356 3289 accuratissime
1399 3204 1787 3284 describere,
1836 3206 1952 3270 sed
1998 3204 2215 3269 danda
2239 3205 2493 3271 edituro
2521 3226 2722 3289 opera
2767 3212 2887 3288 est,

632 3325 706 3383 ut
749 3305 1095 3383 lectionem
1140 3318 1277 3381 eius
1323 3321 1504 3381 certa
1547 3318 1651 3380 via
1693 3322 1761 3381 et
1803 3319 2056 3389 ratione
2103 3320 2383 3402 castiget
2427 3320 2688 3402 suisque
2734 3341 2887 3385 con-

619 3430 887 3496 iecturis
924 3429 1123 3494 verba
1169 3427 1464 3510 Gregorii
1505 3429 1570 3492 in
1607 3430 1932 3513 integrum
1976 3432 2300 3495 restituat.

616 3633 619 3636 Ἴ
790 3542 1084 3621 ErroreS,
1132 3562 1295 3624 quos
1318 3542 1386 3605 in
1416 3541 1732 3607 Vaticano
1759 3541 2315 3624 deprehendiinuS‚
2363 3565 2506 3609 meo
2538 3543 2775 3610 iudicio
2817 3545 2887 3609 in

617 3661 904 3739 quatuor
949 3654 1210 3718 omnino
1250 3674 1490 3736 genera
1533 3653 1815 3718 describi
1880 3661 2177 3744 possunt.
2268 3656 2556 3722 Primum
2622 3656 2885 3740 quidem

619 3785 1087 3850 saepenumero
1133 3767 1625 3830 terminationes
1673 3755 2018 3851 verborum
2063 3768 2372 3833 confusae
2420 3776 2591 3833 sunt.
2680 3769 2878 3833 Prae-

549 3899 553 3904 ·
619 3881 844 3945 sertim
907 3882 1135 3943 notam
1201 3878 1460 3941 litterae
1519 3898 1581 3939 m
1665 3880 1943 3944 omissae
1997 3880 2244 3944 librarii
2300 3902 2645 3963 perperam
2701 3880 2884 3945 adhi-

657 4179 713 4240 1)
749 4176 1131 4229 Monasterium
1166 4174 1464 4235 Bantinum,
1498 4173 1554 4226 in
1588 4174 1787 4243 Apulia
1824 4174 2001 4243 situm,
2035 4174 2168 4242 ipsis
2190 4172 2434 4242 Gregorii
2470 4173 2586 4227 VII.
2629 4175 2885 4242 tempori-

757 4271 856 4325 bus
892 4270 1164 4326 conditum
1211 4261 1350 4323 anno
1393 4270 1518 4319 1075
1561 4268 1627 4321 ab
1675 4269 1777 4324 hoc
1811 4284 1954 4337 papa.
1998 4264 2305 4337 impetravit
2346 4268 2705 4337 privilegium,
2740 4267 2882 4337 quod

760 4364 932 4418 codici
964 4363 1222 4419 Vaticano
1274 4361 1571 4432 praefixum
1619 4369 1718 4418 est.
1808 4363 2136 4417 Consecrata
2183 4368 2265 4417 est
2308 4361 2537 4417 ecclesia
2570 4365 2879 4419 monasterii

755 4476 896 4516 anno
934 4460 1066 4510 1093
1105 4459 1173 4513 ab
1211 4458 1426 4513 Urbano
1462 4456 1533 4510 11.
1607 4457 1687 4512 Cf.
1724 4456 1866 4512 Jaffe
1900 4457 2031 4526 Reg.
2069 4475 2125 4526 p.
2163 4460 2282 4510 417.
2322 4458 2438 4509 457.
2670 4475 2753 4542 ¹·
