3371 5259
1446 483 1834 594 -54

510 702 770 768 ratione
837 701 1180 785 compegit.
1293 700 1757 767 Collectionem
1813 700 1906 765 sic
1971 699 2351 781 consectam,
2398 721 2596 786 quam
2632 702 2774 786 ipse

512 820 745 882 auctor
766 815 1139 900 Registrum
1180 814 1624 899 inscripserat,
1668 814 1801 879 iam
1847 814 2107 879 saeculo
2132 813 2470 880 undecimo
2497 818 2774 880 exeunte

514 931 583 993 et
621 928 691 993 in
734 928 927 994 Italia
972 932 1041 994 et
1081 929 1150 994 in
1195 926 1544 993 Germania
1583 927 1981 1008 innotuisse,
2049 932 2116 991 et
2159 923 2520 992 Deusdedit
2566 927 2774 993 cardi-

513 1041 680 1107 nalis
725 1041 1058 1107 Romanus
1103 1044 1172 1105 et
1207 1039 1568 1105 Bernoldus
1598 1038 2140 1106 'Constantiensis
2184 1043 2392 1105 testes
2439 1039 2680 1104 adsunt
2697 1040 2775 1124 Β).

685 1154 1075 1237 Registrum,
1125 1175 1270 1218 cum
1314 1153 1481 1218 hanc
1507 1153 1820 1237 originem
1864 1151 2184 1232 habuerit,
2226 1173 2359 1217 non
2402 1152 2529 1217 nisi
2551 1152 2777 1225 critica

512 1269 658 1333 arte
703 1265 998 1332 adhibita
1039 1265 1384 1350 legendum
1427 1286 1598 1346 esse,
1664 1266 1773 1331 vix
1818 1270 1938 1345 est,
1985 1264 2159 1349 quod
2204 1265 2432 1331 dicam.
2563 1263 2775 1329 Nihilo

511 1384 734 1445 tamen
775 1379 987 1444 minus
1030 1379 1389 1462 principem
1430 1377 1606 1444 haud
1652 1377 1845 1444 dubie
1887 1378 2103 1443 locum
2143 1382 2325 1443 tenet
2358 1378 2531 1443 inter
2564 1378 2780 1443 omnia

392 1563 401 1573 .
510 1492 880 1558 litterarum
923 1496 1361 1571 monumenta,
1409 1512 1575 1575 quae
1620 1512 1703 1556 ex
1745 1491 1858 1556 illa
1880 1493 2100 1555 aetate
2116 1512 2330 1576 ‚usque
2376 1491 2462 1556 ad
2483 1492 2808 1556 nostram*

416 1614 421 1617 ⁴
511 1605 892 1670 memoriam
936 1608 1390 1688 pervenerunt,
1428 1625 1639 1689 neque
1687 1605 1852 1669 alius
1899 1607 2078 1668 certe
2125 1608 2344 1668 exstat
2386 1602 2580 1684 liber,
2648 1624 2775 1686 quo

515 1716 814 1801 Gregorii
860 1718 1147 1798 consilia,
1194 1718 1413 1802 qualia
1455 1738 1528 1783 re
1551 1738 1708 1782 vera
1749 1716 2009 1796 fuerint,
2054 1717 2283 1780 melius
2322 1716 2604 1800 perspici
2626 1737 2777 1799 pos-

516 1830 666 1895 sint.
755 1829 922 1895 Nam
967 1851 1135 1913 quae
1174 1830 1244 1895 in
1286 1830 1589 1914 Registro
1635 1830 1959 1913 leguntur,
2006 1849 2140 1894 non
2181 1828 2390 1893 solum
2434 1829 2650 1894 omnia
2693 1827 2780 1893 ad

515 1943 655 2007 eius
716 1964 826 2008 res
892 1947 961 2009 et
1024 1943 1403 2008 memoriam
1455 1943 1791 2026 pertinent
1858 1946 1926 2006 et
1982 1942 2347 2008 arctissimo
2404 1941 2592 2024 quasi
2641 1940 2779 2005 vin·

516 2055 660 2121 culo
730 2077 877 2121 cum
920 2076 1206 2139 persona
1251 2057 1320 2120 et
1361 2054 1554 2120 factis
1600 2056 1739 2121 eius
1785 2055 2133 2121 coniuncta
2178 2058 2358 2134 sunt,
2423 2052 2539 2118 sed
2584 2053 2782 2117 etiam

437 2151 444 2167 ⁸
514 2166 794 2251 plurima
834 2169 1039 2252 ipsius
1065 2166 1363 2250 Gregorii
1404 2169 1663 2234 nomine
1711 2172 1779 2233 et
1822 2169 2217 2233 auctoritate
2238 2165 2641 2250 prodierunt,
2679 2167 2780 2229 at-

516 2301 643 2366 que
687 2281 1008 2366 quaedam
1051 2281 1191 2364 ipse
1238 2281 1537 2365 concepit
1581 2285 1649 2346 et
1691 2281 1930 2346 litteris
1989 2280 2394 2363 consignavit
2412 2279 2490 2363 ⁴).
2604 2276 2782 2354 Quae
2833 2336 2836 2339 ,

865 2437 1117 2447 ——m-a

551 2522 609 2588 3)
650 2521 786 2577 Vide
842 2524 1339 2579 commentationem
1390 2539 1592 2594 meam,
1648 2538 1807 2592 quam
1862 2521 1997 2576 Phil.
2043 2521 2183 2577 Jaffe
2229 2521 2396 2577 edidit
2436 2520 2493 2575 in
2536 2506 2785 2589 Regestis

652 2624 801 2687 pont.
840 2618 990 2674 Rom.
1027 2637 1080 2689 p.
1117 2620 1235 2672 403.

553 2724 612 2788 4)
647 2722 1041 2792 Nonnunquam
1091 2703 1266 2793 ipsum
1314 2722 1627 2792 Gregorium
1679 2722 1873 2778 litteris
1924 2701 2251 2777 scribendis·
2283 2737 2502 2790 operam
2544 2734 2787 2790 navasse,

654 2816 852 2892 infitias
889 2835 1044 2874 nemo
1079 2819 1191 2888 ibit,
1228 2835 1347 2873 cum
1381 2819 1437 2872 in
1471 2818 1663 2872 litteris
1699 2817 2017 2886 quibusdam
2041 2817 2110 2871 ad
2145 2817 2444 2872 Beatricem
2480 2823 2535 2872 et
2570 2815 2785 2870 Mathil-

660 2912 781 2967 dem
815 2912 952 2967 datis
987 2915 1122 2968 haec
1170 2914 1440 2982 legantur:
1487 2912 1676 2982 „Quod
1724 2913 1902 2983 vobiS,
1960 2929 2093 2982 quas
2139 2914 2349 2967 sincero
2398 2911 2559 2966 corde
2608 2909 2787 2979 diligo,

659 3024 850 3078 parum
884 3008 1083 3077 scribo,
1131 3009 1278 3077 gravi
1322 3025 1451 3063 cura
1488 3025 1572 3063 me
1615 3008 1927 3078 implicitum
1969 3007 2271 3063 manifesto.
2342 3006 2508 3062 Vobis
2553 3007 2691 3060 enim
2731 3006 2788 3060 in

659 3104 855 3159 talibus
891 3119 997 3158 non
1035 3104 1266 3171 aliquem
1299 3104 1551 3158 vicarium
1585 3105 1641 3157 in
1676 3102 1965 3159 dictitando
1988 3104 2223 3172 acquiro,
2257 3101 2353 3157 sed
2386 3117 2471 3156 me
2505 3102 2682 3170 ipsum
2713 3100 2789 3154 la-

660 3199 792 3268 bori,
824 3200 951 3255 licet
982 3201 1254 3254 rusticano
1290 3200 1458 3268 style,
1507 3198 1784 3267 subpono“
1823 3199 1967 3264 (Lib.
2003 3199 2045 3251 I.
2080 3213 2166 3266 ep.
2206 3199 2318 3262 50).
2405 3197 2517 3251 Iam
2562 3211 2689 3269 vssro
2733 3196 2790 3249 in

660 3293 842 3349 codice
877 3295 1245 3364 antiquissimo
1278 3295 1527 3350 tabularii
1561 3294 1819 3363 Vaticani,
1852 3293 1906 3347 id
1941 3295 2083 3362 quod
2117 3296 2395 3362 hucusque
2431 3310 2466 3349 a
2506 3292 2653 3346 nullo
2679 3303 2788 3346 ‘no-

660 3367 832 3445 tatun‘i
863 3390 1035 3459 video,
1072 3391 1244 3445 tribus
1282 3391 1522 3459 epistolis
1557 3389 1679 3443 libri
1713 3388 1931 3443 secundi
1976 3389 2088 3454 (31.
2136 3390 2219 3440 37.
2258 3389 2352 3455 43)
2395 3388 2465 3443 ad
2496 3387 2788 3456 marginem

658 3485 795 3539 haec
829 3491 959 3539 nota
976 3485 1251 3554 adscripta
1287 3491 1394 3540 est:
1430 3483 1736 3539 Dictatus
1770 3499 2010 3553 papae,
2047 3501 2154 3553 qua
2186 3485 2421 3553 scriptor
2451 3483 2597 3537 haud
2631 3477 2790 3537 dubie

659 3579 955 3649 significare
990 3580 1183 3650 voluit,
1219 3596 1312 3635 eas
1346 3580 1555 3634 litteras
1591 3579 1658 3632 ab
1695 3580 1814 3646 ipso
1853 3578 2110 3648 Gregorio
2148 3594 2266 3633 esse
2310 3585 2614 3647 conceptas.
2685 3578 2790 3632 Ea-

660 3675 780 3730 dem
814 3675 979 3730 verba
997 3675 1150 3744 quasi
1172 3675 1390 3731 titulum
1423 3674 1679 3743 inscripta
1720 3690 1842 3729 esse
1889 3681 2103 3729 constat
2145 3673 2510 3728 famosissimis
2550 3673 2657 3728 illis
2697 3674 2789 3729 tri-

664 3771 815 3840 ginta
873 3776 1080 3838 septem
1136 3769 1403 3838 thesibus,
1456 3784 1591 3837 quae
1649 3768 1770 3822 Lib.
1824 3769 1895 3822 H.
1951 3769 2108 3836 epist.
2161 3771 2244 3820 50.
2308 3768 2595 3838 excipiunt.
2673 3767 2788 3824 Has

660 3866 874 3935 theses,
909 3881 1046 3934 quae
1082 3871 1250 3919 totam
1283 3866 1546 3920 rationem
1583 3863 1956 3919 dominationis
1992 3863 2300 3933 pontificiae
2338 3865 2591 3920 extremis
2626 3864 2789 3919 linea-

661 3962 855 4017 mentis
901 3959 1246 4027 adumbrant‚
1288 3959 1658 4029 supposititias
1704 3975 1823 4014 esse
1860 3975 1979 4014 cum
2020 3959 2110 4013 alii
2143 3965 2257 4013 tum
2292 3958 2558 4014 Antonius
2592 3959 2789 4029 Pagius

664 4056 889 4123 (Critica
920 4057 977 4111 in
1010 4056 1230 4111 annales
1278 4054 1493 4109 Bai-onii
1539 4053 1609 4107 ad
1643 4070 1727 4109 an.
1774 4055 1933 4119 1077)
1978 4054 2206 4122 probare
2254 4055 2431 4109 conati
2472 4061 2612 4110 sunt.
2682 4053 2790 4109 Sed

659 4158 868 4207 tantum
901 4152 1070 4220 abest,
1103 4158 1163 4206 ut
1205 4149 1376 4205 codex
1418 4149 1713 4204 Vaticanus
1758 4165 1942 4203 eorum
1988 4149 2284 4205 sententiae
2336 4149 2684 4219 suffragetur,
2729 4154 2791 4203 ut

663 4248 879 4316 proprie
914 4247 1018 4315 ipsi
1052 4246 1308 4315 Gregorio
1341 4245 1524 4300 theses
1557 4244 1782 4298 tribuat.
1850 4244 2038 4312 Neque
2082 4244 2265 4313 vide0,
2301 4261 2406 4314 quo
2449 4245 2566 4300 iure
2609 4245 2676 4298 ab
2724 4260 2789 4299 eo

661 4340 954 4400 abiudicari
990 4342 1214 4413 possint,
1248 4341 1351 4394 nisi
1393 4339 1536 4394 forte
1583 4339 1702 4407 quis
1738 4339 1949 4394 omnino
1993 4338 2227 4408 Registri
2271 4338 2432 4395 fidem
2475 4340 2534 4395 in
2576 4339 2806 4397 dubium'

661 4436 947 4492 vocaverit.
