3371 5259
1424 492 1852 557 ...43-

418 678 427 685 ‘
463 661 614 729 libri
649 664 1112 730 auctoritatem
1153 663 1325 729 tanti
1366 664 1582 746 faciet,
1629 664 1891 748 opinor,
1956 667 2033 730 ut
2095 687 2230 731 non
2286 663 2417 733 alia
2472 686 2729 752 quoque

462 775 809 859 praesidia,
857 777 913 842 si
952 776 1147 843 modo
1195 776 1521 861 explorari
1563 762 1929 861 potuerint,
1977 778 2346 845 adhibenda
2390 800 2534 845 esse
2580 800 2730 845 cen-

466 892 629 954 seat.
718 888 1183 955 Verumtamen
1206 940 1221 970 ,
1290 891 1346 956 si
1411 891 1555 973 quis
1615 912 1695 956 ex
1752 891 1832 955 iis
1879 891 2207 974 exemplis,
2254 913 2421 975 quae
2465 896 2732 975 praeter

466 1000 855 1066 Vaticanum
894 1022 1013 1085 per
1055 1002 1315 1067 Italiam
1355 1002 1422 1067 in
1470 1002 1812 1068 tabulariis
1858 1008 1925 1067 et
1964 1002 2371 1069 bibliothecis
2405 1004 2509 1070 hic
2533 1009 2732 1087 atque

465 1112 595 1178 illic
635 1112 978 1194 habentur,
1024 1135 1329 1198 magnum
1371 1114 1655 1180 fructum
1702 1116 2161 1198 expectaverit,
2206 1117 2566 1199 periculum
2611 1121 2732 1199 est,

465 1246 547 1290 ne
616 1227 987 1309 expectatio
1035 1227 1173 1291 eius
1217 1227 1632 1292 vehementer
1694 1226 2074 1311 decipiatur.
2185 1227 2352 1293 Nam
2408 1233 2736 1312 quotquot

466 1339 533 1402 in
576 1337 771 1403 Italia
814 1359 856 1402 a
896 1359 1000 1403 me
1048 1339 1430 1422 investigari
1494 1344 1806 1422 poterant
1833 1340 1914 1425 ¹),
1978 1338 2306 1405 fluxerunt
2370 1361 2593 1406 omnes
2655 1362 2734 1405 ex

466 1450 608 1533 ipso
655 1449 877 1515 codice
923 1470 1118 1533 saepe
1161 1450 1452 1531 laudato,
1513 1473 1725 1535 neque
1789 1453 2182 1535 antiquitate
2249 1457 2365 1517 aut
2420 1453 2551 1518 ulla
2608 1452 2737 1517 alia

466 1583 539 1627 re
586 1563 928 1628 excellunt.
1018 1561 1451 1640 Quamobrem
1497 1564 1738 1630 codicis
1783 1564 2085 1630 Vaticani
2123 1565 2403 1631 lectione
2451 1566 2736 1650 cognita,

465 1675 598 1740 iam
637 1676 823 1758 parvi
862 1676 1141 1740 interest
1207 1674 1562 1757 adnotare,
1631 1678 1889 1760 quoties
1954 1677 2066 1742 illa
2111 1677 2405 1762 exempla
2449 1699 2596 1744 cum
2658 1699 2736 1744 eo

356 1792 369 1801 “
468 1789 877 1869 conveniant,
925 1789 1184 1871 quoties
1226 1786 1310 1854 ab
1358 1810 1434 1855 eo
1459 1789 1795 1855 recedant.
1840 1788 2000 1854 Fide
2048 1794 2226 1855 certe
2271 1794 2470 1874 atque
2510 1794 2736 1857 aucto-

466 1902 668 1966 ritate
713 1923 859 1966 cum
902 1901 1255 1985 archetypo
1302 1922 1422 1966 suo
1464 1901 1642 1966 nullo
1685 1906 1884 1986 pacto
1932 1902 2213 1968 conferri
2253 1907 2552 1986 possunt.

640 2013 738 2078 De
780 2013 1001 2079 codice
1046 2013 1428 2093 Mutinensi,
1487 2035 1884 2098 quamquam
1926 2036 2060 2080 non
2106 2037 2185 2081 ex
2226 2017 2371 2099 ipso
2417 2015 2737 2080 Vaticano

468 2110 673 2206 fluxit,
715 2127 823 2192 vix
866 2126 1060 2191 aliter
1101 2125 1522 2193 iudicandum
1567 2127 1712 2192 erit.
1783 2127 2186 2217 Descriptus
2223 2132 2325 2193 est
2364 2128 2595 2211 procul
2619 2127 2737 2193 du-

470 2237 578 2304 bio
637 2260 717 2303 ex
784 2237 1007 2304 codice
1071 2241 1362 2319 vetusto,
1430 2239 1543 2322 qui
1604 2239 1759 2305 olim
1820 2241 2203 2305 monasterii
2246 2240 2738 2306 clarevallensis

470 2351 610 2433 fuit,
628 2397 642 2409 ·
677 2373 851 2417 nunc
904 2352 974 2416 in
1028 2350 1426 2417 bibliotheca
1471 2351 1780 2418 Trecensi
1845 2355 2146 2418 servatur
2164 2353 2241 2437 2).
2351 2352 2525 2418 Nihil
2569 2354 2740 2418 enim

470 2464 822 2530 Zachariae
865 2462 1103 2529 iudicio
1151 2464 1478 2547 singulare
1522 2464 1726 2530 habet
1742 2466 1796 2550 Β)
1842 2470 2107 2549 praeter
2152 2465 2498 2548 epistolam
2539 2486 2738 2530 unam

471 2597 513 2643 a
554 2578 943 2643 Bertramno
991 2577 1227 2643 comite
1273 2577 1640 2644 Arelatensi
1696 2576 1782 2644 ad
1826 2577 2211 2663 Gregorium
2255 2576 2497 2659 datam,
2543 2597 2741 2662 quam

471 2691 761 2757 Mansius
810 2691 977 2777 (XX.
1034 2711 1087 2756 c.
1136 2694 1281 2757 363.
1342 2692 1494 2777 364)
1565 2691 2013 2757 excudendam
2056 2692 2325 2758 curavit.
2447 2691 2741 2759 Eandem

471 2824 623 2871 vero
666 2804 1011 2888 epistolam
1055 2823 1135 2869 ex
1180 2802 1643 2870 clarevallensi
1687 2804 1908 2870 codice
1950 2809 2326 2889 excerptam
2370 2803 2739 2887 Stephanus

471 2916 777 2981 Baluzius
836 2917 965 2981 iam
1032 2914 1278 2981 dudum
1342 2916 1412 2981 in
1466 2916 1900 2986 Miscellaneis
1960 2917 2126 3003 (VII.
2165 2939 2229 3001 p.
2261 2917 2432 3010 228)
2499 2915 2743 2999 publici

470 3028 629 3095 iuris
688 3028 968 3110 fecerat,
1036 3034 1104 3095 et
1169 3028 1412 3095 collata
1463 3028 1810 3097 Mansiana
1850 3030 2130 3097 lectione
2197 3050 2344 3095 cum
2387 3028 2743 3095 Baluziana

513 3354 569 3417 1)
611 3351 839 3407 Praeter
873 3346 1149 3407 laudatum
1190 3350 1429 3408 codicem
1459 3349 1708 3405 tabularii
1752 3349 2025 3418 Vaticani,
2077 3356 2198 3405 octo
2252 3364 2353 3418 per
2394 3348 2601 3403 Italiam
2634 3348 2742 3404 iter

607 3446 811 3503 faciens
842 3447 959 3516 ipse
992 3447 1225 3516 inspexi:
1262 3447 1492 3503 alterum
1522 3446 1824 3515 exemplum
1856 3443 2107 3500 tabularii
2125 3443 2385 3513 Vaticani,
2418 3444 2649 3513 quinque
2684 3443 2745 3498 in

608 3541 934 3597 bibliotheca
980 3541 1245 3598 Vaticana
1297 3540 1490 3603 (Codd.
1540 3542 1699 3594 3797.
1749 3541 1903 3593 4579.
1952 3539 2105 3592 4906.
2141 3540 2295 3591 4907.
2333 3538 2527 3609 5638),
2577 3553 2743 3593 unum

608 3637 1031 3693 Vallicellianum
1050 3636 1207 3703 (Cod.
1231 3636 1289 3691 C.
1316 3637 1428 3707 17),
1444 3636 1685 3691 Venetiis
1720 3652 1886 3691 unum
1918 3636 1976 3690 in
2008 3633 2334 3690 bibliotheca
2367 3634 2541 3689 sancti
2571 3632 2743 3688 Marci

610 3733 780 3803 (App.
821 3732 898 3787 cl.
935 3733 1031 3787 111.
1069 3733 1179 3799 19).
1249 3731 1445 3787 Omnes
1477 3732 1535 3786 hi
1566 3731 1693 3786 libri
1724 3731 2037 3787 recentioris
2072 3737 2198 3786 sunt
2231 3729 2441 3799 aetatis,
2473 3744 2583 3783 non
2616 3733 2744 3783 ante

614 3844 755 3885 saec.
794 3827 940 3884 XVI.
976 3826 1063 3883 vel
1095 3813 1271 3883 x'vn.
1308 3827 1556 3884 confecti.

508 3933 569 3998 2)
615 3925 710 3982 Nr.
733 3928 851 3978 952.
888 3924 968 3981 cf.
990 3923 1285 3993 catalogue
1319 3923 1538 3992 general
1570 3921 1666 3978 des
1698 3920 2020 3976 manuscrits
2052 3919 2336 3990 publiques
2363 3918 2458 3974 des
2495 3917 2743 3987 departe-

612 4032 786 4081 ments
821 4021 1003 4093 publie
1036 4035 1163 4077 sous
1197 4020 1277 4074 les
1312 4019 1565 4088 auspices
1599 4017 1673 4073 du
1700 4017 1944 4073 ministre
1981 4015 2048 4071 de
2082 4014 2440 4071 l’instruction
2467 4013 2740 4084 publique.

611 4120 763 4176 Paris
800 4118 951 4171 1856.
1025 4115 1089 4169 T.
1124 4115 1196 4170 11.
1232 4131 1287 4185 p.
1323 4115 1445 4166 392.

512 4215 572 4281 3)
614 4213 764 4283 Quae
812 4212 883 4267 ad
917 4210 1118 4268 calcem
1169 4226 1256 4280 ep.
1302 4211 1369 4261 12
1401 4208 1523 4264 libri
1553 4208 1653 4264 111.
1689 4206 1931 4263 Mansius
1979 4211 2233 4276 tanquam
2281 4220 2421 4259 nova
2478 4219 2546 4258 ex
2582 4201 2745 4259 Muti-

613 4309 764 4364 nensi
795 4306 1223 4376 communicavit,
1263 4303 1488 4361 totidem
1520 4303 1700 4360 verbis
1743 4303 1844 4360 sub
1882 4300 2045 4358 finem
2089 4301 2245 4370 epist.
2284 4300 2318 4351 9
2353 4296 2591 4354 eiusdem
2622 4297 2743 4353 libri

614 4403 879 4473 leguntur.
