3371 5259
568 785 796 826 Editionis

548 854 805 894 Eansianae

599 926 742 964 locus.

560 1010 643 1062 76.
681 1011 744 1063 Ε.

558 1392 641 1444 77.
677 1394 746 1442 A.

558 1497 643 1546 77.
683 1495 743 1545 C.

556 1598 641 1651 ⁹18.
676 1598 746 1651 D.

558 1704 641 1754 84.
682 1700 745 1752 E.

560 1806 643 1857 89.
681 1805 738 1860 C.

555 1928 637 1979 90.
677 1927 736 1978 C.

554 2206 638 2257 91.
676 2207 744 2258 A.

552 2309 636 2361 91.
676 2312 740 2364 A.

551 2414 636 2464 91.
673 2412 737 2463 Β.

480 2501 491 2515 ”
549 2518 635 2567 91.
676 2518 736 2569 c.

549 2621 634 2673 92.
675 2623 735 2675 c,

550 2726 633 2776 92.
669 2726 735 2781 D.

548 2829 631 2880 93.
666 2831 735 2884 D.

552 2933 635 2986 93.
673 2933 739 2984 D.

554 3035 636 3089 99.
669 3037 730 3088 Β.

553 3139 635 3190 97.
674 3140 735 3192 Β.

547 3244 632 3294 97.
672 3244 743 3296 1).

548 3347 630 3401 98.
667 3347 737 3401 D.

515 3469 630 3610 122:
664 3463 773 3609 35}

544 3831 627 3888 99.
664 3831 730 3888 E.

516 3941 630 3993 102.
669 3940 733 3990 Ε.

514 4044 623 4097 103.
659 4045 727 4095 A.

516 4147 631 4198 104.
668 4146 728 4198 Β.

514 4250 629 4301 109.
669 4249 727 4305 ο.

512 4330 627 4407 107.
667 4354 764 4406 0..

1435 619 1869 680 ...15—

1272 837 1423 878 Lectio

1246 907 1457 956 vulgaris.

902 1008 1042 1077 Quid
1076 1010 1239 1079 igitur
1272 1010 1338 1065 de
1386 1016 1594 1080 cetero,
1638 1024 1797 1078 quam

971 1095 1121 1162 (Car.
1176 1098 1359 1166 quem)
1416 1104 1629 1151 sanctae
1691 1096 1795 1150 Ro-

966 1198 1156 1238 manae
1228 1183 1486 1238 ecclesiae
1565 1182 1795 1251 primum

966 1270 1320 1325 membrorum
1355 1270 1750 1326 collocavimus.

897 1390 1169 1459 sanguinis
1206 1390 1498 1447 effusionis.

894 1493 1067 1561 primo
1104 1494 1437 1562 Septembre.

894 1595 1045 1651 VIII.
1082 1597 1352 1654 Kalendas
1387 1599 1652 1655 Octobris.

894 1699 989 1755 x1.
1029 1700 1158 1757 Idus
1190 1681 1457 1759 octobris.
1725 1697 1730 1703 ·

894 1803 1159 1861 Roderico
1199 1804 1346 1872 (Car.
1378 1805 1658 1875 Roderio).

896 1925 1195 1983 Albertum.

896 2204 1209 2260 Aldilasiae.

895 2308 1171 2363 voluntate
1205 2315 1259 2364 te
1295 2307 1454 2363 ferre.

894 2411 1126 2467 libenter
1153 2403 1484 2481 impartiens.

893 2516 950 2569 in
983 2513 1114 2586 fine,
1149 2516 1255 2570 hic.

891 2619 1088 2697 Letoni
1121 2619 1430 2676 marchioni.

893 2741 1010 2780 sum
1046 2731 1280 2780 coactus.

889 2846 1139 2899 rogamus
1172 2830 1448 2885 caritatem
1480 2835 1731 2886 vestram.

892 2949 1030 3003 quae
1066 2933 1254 2990 fideles
1289 2950 1434 2990 suos.

887 3039 1058 3107 recipi
1090 3055 1198 3094 non
1230 3038 1441 3093 meruit.

890 3158 1081 3199 causas
1114 3142 1448 3199 abscindere.

885 3246 1189 3303 Adelettae.

889 3349 1113 3419 Quando
1146 3356 1402 3406 meretur.

886 3471 1032 3551 x1y.
1069 3473 1189 3527 Ka1.
1221 3472 1371 3527 Maii.

885 3832 1076 3892 studiis
1111 3835 1425 3892 audivimus.

882 3937 1189 3994 laudassem
1221 3956 1321 4008 pro
1359 3956 1442 4015 eo.

882 4043 1030 4099 Data
1063 4044 1265 4099 Romae
1301 4045 1358 4098 in
1395 4042 1612 4111 synodo.

825 4121 830 4126 ’
882 4147 1086 4203 xv111.
1122 4148 1242 4202 Kal.
1278 4148 1502 4216 Aprilis.

883 4251 1040 4307 Nunc
1073 4267 1169 4307 vos
1203 4251 1566 4308 admonemus.

883 4355 1190 4412 Moravensi
1224 4354 1507 4414 ecclesiae.

2254 837 2406 878 Lectio

2125 906 2294 946 codicis
2323 906 2543 948 Vaticani.

1884 1008 2020 1077 Quid
2054 1009 2216 1079 igitur
2251 1008 2317 1064 de
2351 1015 2424 1078 te,
2456 1020 2614 1078 quem
2661 1023 2779 1065 san-

1952 1101 2070 1150 ctae
2093 1095 2360 1153 Romanae
2390 1096 2648 1151 ecclesiae
2673 1097 2781 1165 pri-

1949 1197 2094 1236 mum
2147 1183 2504 1237 membrorum
2555 1198 2778 1237 numero

1950 1268 2338 1323 collocavimus.

1880 1389 2152 1458 sanguinis
2187 1389 2448 1445 effusoris.
2484 1390 2550 1441 H.

1880 1493 2158 1563 *proximo
2197 1493 2531 1562 Septembre.

1879 1596 2080 1652 XVIII.
2114 1596 2384 1654 Kalendas
2420 1598 2685 1656 Octobris.

1877 1699 1950 1756 H.
1986 1701 2117 1756 Idus
2152 1700 2415 1757 Octobris.

1878 1804 2120 1861 Roclino.

1878 1927 2203 1982 Albericum.
2212 1971 2219 1977 .
2228 1927 2251 1993 (
2259 1927 2405 1989 Quod
2415 1927 2624 1998 Caraffa
2636 1932 2780 1998 quasi

1950 2015 2011 2067 de
2047 2017 2331 2066 coniectura
2353 2017 2570 2083 scripsit,
2591 2019 2645 2068 in
2668 2019 2792 2086 ipso,

1951 2103 2122 2153 coda'ce
2157 2102 2385 2168 leqitur.)

1879 2204 2171 2260 Adilasiae.

1877 2307 2152 2364 voluntate
2187 2307 2346 2363 ferre.

1876 2410 2107 2466 libenter
2139 2412 2466 2481 impertiens.

1876 2515 1933 2568 in
1967 2505 2153 2585 finem,
2188 2515 2290 2569 hic.

1878 2618 2080 2675 Tezoni
2113 2617 2423 2674 marchioni.

1874 2724 1973 2778 sim
2007 2732 2242 2778 coactus.

1872 2843 2125 2898 rogamus
2161 2829 2455 2884 claritatem
2487 2834 2737 2884 vestram.

1874 2934 1963 3001 qui
1995 2931 2181 2988 fideles
2215 2949 2358 2989 suos.

1870 3036 2040 3105 recipi
2069 3053 2178 3092 non
2211 3037 2482 3092 meruerit.

1872 3155 2061 3195 causas
2094 3141 2394 3212 abscidere.

1869 3243 2135 3300 Adeleite.

1872 3347 1975 3416 Qui
2007 3364 2116 3403 non
2149 3355 2402 3405 meretur.
2439 3348 2507 3404 H.

1872 3468 2016 3525 XIV.
2069 3470 2190 3525 Kal.
2260 3472 2462 3527 Martii.
2531 3469 2769 3540 (Caraffa

1938 3565 2173 3625 tanquam
2224 3558 2286 3609 de
2325 3560 2611 3610 coniectura
2644 3562 2766 3610 seri·

1927 3646 2054 3713 psit,
2089 3645 2221 3713 quod
2250 3646 2304 3695 in
2325 3646 2446 3713 'ipso
2474 3648 2579 3698 eius
2602 3646 2768 3699 codice

1918 3732 2149 3800 ἱερέων.)
2250 3740 2264 3786 ἲ

1867 3834 2057 3893 studiis
2093 3836 2351 3894 andimus.

1865 3935 2233 3998 laudassemus
2266 3958 2366 4012 pro
2404 3957 2485 3998 eo.
2575 3933 2578 3936 ’

1866 4044 2008 4099 Data
2041 4039 2097 4099 in
2132 4043 2351 4116 synodo.

1864 4143 2036 4203 XVII.
2076 4143 2197 4204 Kal.
2236 4150 2407 4220 April.

1864 4251 2020 4308 Nunc
2050 4254 2244 4309 iterum
2269 4269 2364 4308 vos
2387 4263 2760 4307 ammonemus.

1863 4355 2203 4413 Olomucensi
2282 4356 2538 4414 ecclesiae
2626 4357 2760 4423 (alia

1930 4462 2076 4495 manu
2136 4447 2525 4513 suprascriptum
2576 4443 2756 4499 Maro·

1928 4531 2122 4599 vensi).
