3371 5259
1364 516 1793 580 ...45....

449 681 678 770 optimi
722 681 978 753 codices
997 687 1054 772 ⁴)
1120 684 1190 753 in
1254 678 1665 754 bibliothecis
1712 690 2004 767 exstant,
2048 691 2126 753 ut
2168 686 2251 754 de
2294 709 2451 756 vera
2495 691 2563 755 et
2606 709 2715 773 ge-

448 801 667 864 nuina*
694 800 976 865 lectione
1032 821 1258 866 eorum
1299 822 1453 866 raro
1498 802 1841 884 scrupulus
1885 802 2191 867 resideat.
2281 801 2477 866 Haud
2517 802 2719 886 igitur

448 910 567 977 abs
611 934 684 978 re
729 914 854 978 erit
901 914 1098 978 etiam
1141 913 1302 978 haec
1344 913 1676 998 praesidia
1720 912 2052 994 adhibere,
2096 914 2209 979 ubi
2253 913 2333 979 de
2379 919 2564 980 recta
2626 911 2720 980 le-

351 1007 361 1015 *
449 1026 666 1090 ctione
711 1026 1166 1119 Registrilalia
1209 1028 1465 1092 ratione
1509 1027 1671 1091 ce'rti
1728 1025 2082 1109 quidquam
2127 1028 2333 1092 statui
2374 1027 2719 1110 nequierit.

447 1136 974 1221 Equidem-satis
1010 1138 1222 1204 habeo
1252 1138 1478 1205 ,tribus
1523 1139 1624 1204 vel
1665 1120 2306 1222 quatuor-exemplis
2352 1138 2718 1218 ostendere,

448 1251 558 1333 qui
596 1249 849 1315 fructus
893 1251 980 1316 ad
1017 1251 1492 1317 emendandum
1513 1250 1887 1335 Registrum
1931 1237 2055 1316 hac
2095 1252 2199 1317 via
2218 1252 2466 1335 percipi
2488 1252 2718 1334 possit.

619 1362 692 1428 L.
736 1363 819 1428 II.
875 1384 975 1447 ep.
1024 1370 1106 1430 70
1155 1365 1266 1451 (Μ.
1320 1370 1441 1431 180
1486 1363 1606 1450 Q).
1693 1364 2069 1445 ·‚,Dominus
2133 1368 2355 1429 autern
2416 1365 2758 1429 iniuriam·

449 1495 569 1541 suo
614 1474 801 1541 illata
821 1477 1100 1561 principi
1121 1477 1530 1562 praevidenS‚
1574 1481 1977 1562 potestatem
2010 1478 2194 1560 regni
2240 1478 2357 1542 suo
2381 1476 2468 1541 ad
2509 1480 2578 1541 te
2620 1477 2720 1540 iu-

448 1587 616 1653 dicio
663 1589 1024 1655 transtulit.
1149 1591 1238 1654 Et
1300 1592 1415 1672 ita,
1482 1591 1538 1656 si
1582 1590 1741 1674 quid
1794 1591 1864 1655 in
1898 1588 2263 1655 'obtinendo
2313 1609 2515 1672 regno
2559 1589 2720 1652 iuris

445 1702 628 1786 prius
672 1700 1009 1783 habuit,··a
1054 1724 1125 1768 se
1189 1704 1510 1788 sacrilega
1552 1703 1980 1787 usurpatione
2023 1702 2364 1786 privavit.“
2475 1700 2581 1766 Sic
2623 1701 2719 1765 lo·

450 1834 563 1879 cus
607 1813 955 1880 manifest-o
1003 1812 1353 1900 corruptus
1409 1817 1478 1882 in
1545 1815 1769 1881 codice
1814 1814 2156 1880 Vaticano.
2258 1813 2387 1878 Pro
2457 1813 2720 1893 ,‚illata“

450 1928 736 1993 correxit
758 1927 1015 1993 Caraffa
1057 1932 1328 2010 illatam,
1374 1929 1443 1994 id
1487 1927 1665 2013 quod
1698 1927 2063 1992 Deusdedit
2106 1927 2421 2011 agnoscit,
2469 1926 2581 2009 qui
2621 1926 2721 1990 in-

449 2061 645 2123 super
687 2044 843 2124 post
888 2042 1061 2122 „ita“
1085 2040 1251 2108 bene
1275 2041 1490 2107 addit:
1531 2043 2047 2123 consanyuz'neus
2088 2046 2251 2103 tuae.
2332 2038 2461 2103 Pro
2508 2041 2721 2118 ‚,a‘se“

451 2151 709 2219 Caraffa
754 2174 872 2218 suo
917 2154 1110 2235 iure:-
1145 2175 1217 2218 eo
1259 2174 1326 2218 se
1371 2152 1774 2250 emendavit..
1829 2153 1971 2218 Iam
2010 2157 2194 2217 totus
2232 2152 2415 2217 locus
2459 2150 2743 2238 restitui

447 2270 688 2349 potest.
781 2265 887 2332 Sic
955 2268 1126 2333 enim
1171 2268 1435 2352 scripsit
1480 2258 1888 2350 Gregorius:
1959 2266 2315 2347 „Dominus
2360 2268 2581 2329 autem
2622 2264 2721 2328 in-

448 2379 681 2443 iuriam
705 2399 822 2443 suo
865 2379 1117 2445 illatam
1137 2380 1416 2465 principi
1438 2380 1635 2445 Petro
1661 2370 1906 2460 videns,
1950 2374 2352 2462 potestatem
2373 2377 2558 2460 regni
2603 2396 2721 2440 suo

451 2490 537 2556 ad
578 2495 648 2555 te
690 2490 930 2557 iudicio
977 2494 1338 2558 transtulit.
1426 2492 1514 2556 Et
1557 2493 1654 2557 ita
1677 2491 2200 2575 consanguineus
2245 2495 2417 2570 tuus,
2465 2490 2521 2554 si
2566 2487 2723 2572 quid

447 2604 516 2670 in
561 2602 918 2670 obtinendo
961 2625 1165 2691 regno
1209 2606 1370 2672 iuris
1412 2606 1595 2692 prius
1635 2603 1886 2685 habuit,
1935 2624 2012 2670 eo
2052 2623 2139 2688 sev
2170 2603 2489 2687 sacrilega
2530 2623 2721 2668 usur-

447 2719 714 2803 patione
766 2718 1106 2801 privavit.“
2214 2726 2219 2730 '
2252 2725 2258 2731 ’

621 2830 694 2896 L.
738 2831 849 2897 IV.
896 2852 997 2917 ep.
1048 2838 1079 2898 1
1132 2832 1244 2919 (Μ.
1291 2837 1415 2898 207
1458 2832 1584 2917 Α.).
1657 2832 1864 2914 „Nam
1907 2834 2131 2897 vestra
2168 2829 2553 2895 fraternitas
2603 2830 2722 2894 mi-

450 2945 620 3009 nime
662 2946 944 3028 ignorat,
990 2950 1241 3031 quanto
1285 2950 1580 3031 tempore
1626 2949 1860 3012 sancta
1903 2944 2180 3010 ecclesia
2221 2941 2552 3008 inauditas
2576 2963 2728 3026 pra·
2845 2951 2846 2954 ’

450 3058 688 3159 vitates
736 3062 805 3123 et
849 3052 1568 3144 diversas‘iniquitates
1622 3053 1818 3142 regis*
1842 3094 1929 3105 -
1984 3061 2053 3122 et
2093 3057 2346 3121 utinam
2390 3056 2729 3143 christiani

412 3247 426 3260 -
453 3174 521 3234 et
560 3170 764 3235 vestri
785 3208 872 3217 -—-
896 3173 1269 3251 sustinuit·.“
1313 3172 1494 3239 Haec-
1530 3178 1634 3239 est
1664 3173 1861 3241 lectio
1886 3170 2206 3236 Vaticani.
2281 3168 2411 3235 Sed
2446 3169 2726 3250 „vestri“

453 3287 632 3348 stare
698 3284 956 3368 nequit,
1026 3306 1422 3369 quamquam
1464 3285 1657 3370 Hugo
1702 3283 2208 3350 Flaviniacensis
2256 3282 2335 3368 (1.
2369 3282 2410 3348 l.
2458 3303 2521 3365 p.
2566 3282 2735 3367 441).

328 3469 333 3476 ⁸
452 3397 762 3461 assentiri
784 3396 1059 3463 videtur.
1133 3398 1560 3465 Scribendum
1604 3400 1708 3464 est
1739 3401 1880 3461 verz·
1910 3418 2055 3462 cum
2081 3395 2536 3461 continuatore
2578 3394 2729 3459 libri

451 3509 865 3592 pontificalis.
1083 3609 1088 3614 .
2655 3561 2659 3566 .

626 3622 698 3691 L.
747 3622 915 3689 VIII.
963 3644 1063 3707 ep.
1109 3625 1188 3689 21
1237 3624 1350 3710 (Μ.
1399 3628 1523 3691 333
1568 3623 1695 3709 Ε).
1787 3622 2223 3706 „NotaergQ
2270 3619 2623 3725 carissixne,
2671 3619 2727 3684 si

491 3957 552 4021 4)
599 3953 942 4009 collectionis
976 3952 1277 4007 Deusdedit
1311 3951 1599 4034 cardinalis
1632 3947 2061 4020 antiquissimum
2095 3949 2368 4019 exemplar
2409 3949 2639 4006 habetur
2669 3951 2727 4005 in

592 4048 915 4104 bibliotheca
949 4046 1214 4103 Vaticana
1249 4047 1378 4113 (No.
1424 4049 1617 4118 3833),
1671 4047 2087 4102 continuationis
2127 4045 2249 4100 libri
2290 4043 2613 4113 pontificalis
2672 4047 2728 4101 in

597 4144 788 4200 eadem
822 4143 1162 4222 „bibliotheca
1212 4143 1339 4210 (No.
1379 4145 1570 4213 1437),
1623 4142 1820 4198 codicis
1871 4141 2174 4211 epistolaris
2217 4138 2629 4210 Bamb‘ergensis
2671 4142 2728 4196 in

594 4240 923 4297 bibliotheca
967 4241 1221 4295 caesarea
1261 4238 1661 4295 vindobonensi
1707 4238 1844 4303 (Iur.
1882 4253 1998 4292 can.
2040 4237 2142 4292 No.
2179 4239 2294 4304 45).
2373 4236 2530 4291 Pauli
2563 4236 2729 4291 Bern-

597 4336 858 4393 riedensis
893 4352 1031 4407 opus
1064 4335 1120 4391 in
1163 4334 1406 4405 pluribus
1440 4335 1589 4390 libris
1631 4334 1863 4402 antiquis
1911 4332 2271 4388 bibliothecae
2299 4330 2729 4387 vindobonensis

597 4432 863 4498 invenitur
897 4432 1069 4499 (Hist.
1101 4430 1292 4487 eccles.
1326 4429 1431 4514 No.
1460 4431 1522 4502 ¹5.
1559 4428 1614 4486 S.
1653 4428 1811 4497 Cruc-
1846 4427 1950 4485 No.
1987 4429 2097 4493 12).
2148 4428 2151 4432 ’
