<?xml version="1.0" encoding="UTF-8"?>
<!DOCTYPE html PUBLIC "-//W3C//DTD XHTML 1.0 Transitional//EN"
    "http://www.w3.org/TR/xhtml1/DTD/xhtml1-transitional.dtd">
<html xmlns="http://www.w3.org/1999/xhtml" xml:lang="en" lang="en">
 <head>
  <title>
</title>
<meta http-equiv="Content-Type" content="text/html;charset=utf-8" />
  <meta name='ocr-system' content='tesseract 3.04.00' />
  <meta name='ocr-capabilities' content='ocr_page ocr_carea ocr_par ocr_line ocrx_word'/>
</head>
<body>
  <div class='ocr_page' id='page_1' title='image "./degregoriiviire00giesgoog_0008.png"; bbox 0 0 3371 5259; ppageno 0'>
   <div class='ocr_carea' id='block_1_1' title="bbox 1591 603 1979 663">
    <p class='ocr_par' dir='ltr' id='par_1_1' title="bbox 1591 603 1979 663">
     <span class='ocr_line' id='line_1_1' title="bbox 1591 603 1979 663; baseline 0.003 -15"><span class='ocrx_word' id='word_1_1' title='bbox 1591 603 1979 663; x_wconf 81' lang='grc'>...4.-</span> 
     </span>
    </p>
   </div>
   <div class='ocr_carea' id='block_1_2' title="bbox 633 771 2907 2208">
    <p class='ocr_par' dir='ltr' id='par_1_2' title="bbox 642 771 2907 1531">
     <span class='ocr_line' id='line_1_2' title="bbox 650 771 2907 855; baseline -0.001 -18"><span class='ocrx_word' id='word_1_2' title='bbox 650 771 1064 843; x_wconf 89' lang='lat' dir='ltr'><strong>consiliorum</strong></span> <span class='ocrx_word' id='word_1_3' title='bbox 1131 791 1397 836; x_wconf 89' lang='lat' dir='ltr'><strong>suorum</strong></span> <span class='ocrx_word' id='word_1_4' title='bbox 1459 772 1835 854; x_wconf 82' lang='lat' dir='ltr'><strong>posteritati</strong></span> <span class='ocrx_word' id='word_1_5' title='bbox 1876 771 2241 852; x_wconf 84' lang='lat' dir='ltr'><strong>mandavit,</strong></span> <span class='ocrx_word' id='word_1_6' title='bbox 2304 791 2575 855; x_wconf 89' lang='lat' dir='ltr'><strong>eamque</strong></span> <span class='ocrx_word' id='word_1_7' title='bbox 2619 791 2753 836; x_wconf 94' lang='lat' dir='ltr'><strong>non</strong></span> <span class='ocrx_word' id='word_1_8' title='bbox 2798 790 2907 836; x_wconf 83' lang='lat' dir='ltr'><strong>ex-</strong></span> 
     </span>
     <span class='ocr_line' id='line_1_3' title="bbox 648 882 2907 981; baseline 0.001 -34"><span class='ocrx_word' id='word_1_9' title='bbox 648 885 872 948; x_wconf 85' lang='lat' dir='ltr'><strong>tremis</strong></span> <span class='ocrx_word' id='word_1_10' title='bbox 932 887 1197 953; x_wconf 88' lang='lat' dir='ltr'><strong>tantum</strong></span> <span class='ocrx_word' id='word_1_11' title='bbox 1252 883 1439 948; x_wconf 92' lang='lat' dir='ltr'><strong>lineis</strong></span> <span class='ocrx_word' id='word_1_12' title='bbox 1498 882 1936 968; x_wconf 83' lang='lat' dir='ltr'><strong>designatam,</strong></span> <span class='ocrx_word' id='word_1_13' title='bbox 2002 884 2118 949; x_wconf 91' lang='lat' dir='ltr'><strong>sed</strong></span> <span class='ocrx_word' id='word_1_14' title='bbox 2174 884 2433 981; x_wconf 79' lang='lat' dir='ltr'><strong>plenam</strong></span> <span class='ocrx_word' id='word_1_15' title='bbox 2479 883 2907 967; x_wconf 89' lang='lat' dir='ltr'><strong>omnibusque</strong></span> 
     </span>
     <span class='ocr_line' id='line_1_4' title="bbox 646 995 2905 1080; baseline -0 -19"><span class='ocrx_word' id='word_1_16' title='bbox 646 995 942 1080; x_wconf 88' lang='lat' dir='ltr'><strong>partibus</strong></span> <span class='ocrx_word' id='word_1_17' title='bbox 990 995 1377 1061; x_wconf 88' lang='lat' dir='ltr'><strong>absolutam.</strong></span> <span class='ocrx_word' id='word_1_18' title='bbox 1488 995 1719 1080; x_wconf 90' lang='lat' dir='ltr'><strong>Itaque</strong></span> <span class='ocrx_word' id='word_1_19' title='bbox 1780 995 2111 1062; x_wconf 89' lang='lat' dir='ltr'><strong>uberrima</strong></span> <span class='ocrx_word' id='word_1_20' title='bbox 2152 996 2515 1080; x_wconf 87' lang='lat' dir='ltr'><strong>praesidia,</strong></span> <span class='ocrx_word' id='word_1_21' title='bbox 2583 996 2776 1063; x_wconf 93' lang='lat' dir='ltr'><strong>modo</strong></span> <span class='ocrx_word' id='word_1_22' title='bbox 2822 1015 2905 1060; x_wconf 90' lang='lat' dir='ltr'><strong>ne</strong></span> 
     </span>
     <span class='ocr_line' id='line_1_5' title="bbox 644 1107 2903 1196; baseline -0 -23"><span class='ocrx_word' id='word_1_23' title='bbox 644 1110 900 1193; x_wconf 87' lang='lat' dir='ltr'><strong>ignavia</strong></span> <span class='ocrx_word' id='word_1_24' title='bbox 945 1109 1182 1189; x_wconf 89' lang='lat' dir='ltr'><strong>obstet,</strong></span> <span class='ocrx_word' id='word_1_25' title='bbox 1226 1108 1485 1173; x_wconf 91' lang='lat' dir='ltr'><strong>minime</strong></span> <span class='ocrx_word' id='word_1_26' title='bbox 1530 1107 1772 1196; x_wconf 82' lang='lat' dir='ltr'><strong>desunt</strong></span> <span class='ocrx_word' id='word_1_27' title='bbox 1829 1109 1915 1174; x_wconf 88' lang='lat' dir='ltr'><strong>ad</strong></span> <span class='ocrx_word' id='word_1_28' title='bbox 1958 1110 2304 1175; x_wconf 86' lang='lat' dir='ltr'><strong>veritatem</strong></span> <span class='ocrx_word' id='word_1_29' title='bbox 2365 1107 2903 1194; x_wconf 89' lang='lat' dir='ltr'><strong>cognoscendam,</strong></span> 
     </span>
     <span class='ocr_line' id='line_1_6' title="bbox 646 1210 2906 1317; baseline -0.001 -29"><span class='ocrx_word' id='word_1_30' title='bbox 646 1243 850 1306; x_wconf 90' lang='lat' dir='ltr'><strong>eaque</strong></span> <span class='ocrx_word' id='word_1_31' title='bbox 915 1220 1244 1306; x_wconf 89' lang='lat' dir='ltr'><strong>praesidia</strong></span> <span class='ocrx_word' id='word_1_32' title='bbox 1300 1241 1434 1285; x_wconf 94' lang='lat' dir='ltr'><strong>non</strong></span> <span class='ocrx_word' id='word_1_33' title='bbox 1489 1220 1558 1285; x_wconf 92' lang='lat' dir='ltr'><strong>in</strong></span> <span class='ocrx_word' id='word_1_34' title='bbox 1622 1210 1965 1287; x_wconf 80' lang='lat' dir='ltr'><strong>tabulariis</strong></span> <span class='ocrx_word' id='word_1_35' title='bbox 2025 1222 2277 1288; x_wconf 88' lang='lat' dir='ltr'><strong>inclusa</strong></span> <span class='ocrx_word' id='word_1_36' title='bbox 2317 1222 2562 1317; x_wconf 73' lang='lat' dir='ltr'><strong>latent,</strong></span> <span class='ocrx_word' id='word_1_37' title='bbox 2616 1221 2733 1287; x_wconf 90' lang='lat' dir='ltr'><strong>sed</strong></span> <span class='ocrx_word' id='word_1_38' title='bbox 2774 1222 2906 1286; x_wconf 88' lang='lat' dir='ltr'><strong>iam</strong></span> 
     </span>
     <span class='ocr_line' id='line_1_7' title="bbox 646 1332 2900 1419; baseline 0 -19"><span class='ocrx_word' id='word_1_39' title='bbox 646 1335 887 1400; x_wconf 89' lang='lat' dir='ltr'><strong>dudum</strong></span> <span class='ocrx_word' id='word_1_40' title='bbox 930 1334 1107 1400; x_wconf 88' lang='lat' dir='ltr'><strong>foras</strong></span> <span class='ocrx_word' id='word_1_41' title='bbox 1138 1332 1332 1398; x_wconf 77' lang='lat' dir='ltr'><strong>‘edita</strong></span> <span class='ocrx_word' id='word_1_42' title='bbox 1373 1334 1575 1414; x_wconf 83' lang='lat' dir='ltr'><strong>sunt,</strong></span> <span class='ocrx_word' id='word_1_43' title='bbox 1628 1338 1705 1398; x_wconf 91' lang='lat' dir='ltr'><strong>ut</strong></span> <span class='ocrx_word' id='word_1_44' title='bbox 1770 1334 2116 1419; x_wconf 89' lang='lat' dir='ltr'><strong>unicuique</strong></span> <span class='ocrx_word' id='word_1_45' title='bbox 2162 1334 2247 1400; x_wconf 88' lang='lat' dir='ltr'><strong>ad</strong></span> <span class='ocrx_word' id='word_1_46' title='bbox 2309 1355 2389 1400; x_wconf 90' lang='lat' dir='ltr'><strong>ea</strong></span> <span class='ocrx_word' id='word_1_47' title='bbox 2434 1334 2652 1401; x_wconf 88' lang='lat' dir='ltr'><strong>aditus</strong></span> <span class='ocrx_word' id='word_1_48' title='bbox 2681 1354 2900 1418; x_wconf 51' lang='lat' dir='ltr'><strong>¹parvo</strong></span> 
     </span>
     <span class='ocr_line' id='line_1_8' title="bbox 642 1448 1194 1531; baseline -0.005 -18"><span class='ocrx_word' id='word_1_49' title='bbox 642 1448 904 1531; x_wconf 90' lang='lat' dir='ltr'><strong>negotio</strong></span> <span class='ocrx_word' id='word_1_50' title='bbox 945 1451 1194 1530; x_wconf 89' lang='lat' dir='ltr'><strong>pateat.</strong></span> 
     </span>
    </p>

    <p class='ocr_par' dir='ltr' id='par_1_3' title="bbox 633 1555 2901 2208">
     <span class='ocr_line' id='line_1_9' title="bbox 813 1555 2901 1644; baseline 0.001 -21"><span class='ocrx_word' id='word_1_51' title='bbox 813 1558 1084 1624; x_wconf 86' lang='lat' dir='ltr'><strong>Praeter</strong></span> <span class='ocrx_word' id='word_1_52' title='bbox 1126 1559 1437 1643; x_wconf 89' lang='lat' dir='ltr'><strong>epistolas</strong></span> <span class='ocrx_word' id='word_1_53' title='bbox 1462 1557 1760 1643; x_wconf 85' lang='lat' dir='ltr'><strong>Gregorii</strong></span> <span class='ocrx_word' id='word_1_54' title='bbox 1781 1558 1940 1641; x_wconf 91' lang='lat' dir='ltr'><strong>V11.‚</strong></span> <span class='ocrx_word' id='word_1_55' title='bbox 1988 1580 2155 1644; x_wconf 91' lang='lat' dir='ltr'><strong>quae</strong></span> <span class='ocrx_word' id='word_1_56' title='bbox 2176 1580 2295 1643; x_wconf 90' lang='lat' dir='ltr'><strong>per</strong></span> <span class='ocrx_word' id='word_1_57' title='bbox 2316 1555 2557 1626; x_wconf 88' lang='lat' dir='ltr'><strong>multos</strong></span> <span class='ocrx_word' id='word_1_58' title='bbox 2581 1559 2901 1625; x_wconf 85' lang='lat' dir='ltr'><strong>diversos·</strong></span> 
     </span>
     <span class='ocr_line' id='line_1_10' title="bbox 641 1670 2901 1777; baseline 0 -40"><span class='ocrx_word' id='word_1_59' title='bbox 641 1693 765 1777; x_wconf 57' lang='lat' dir='ltr'><strong>qu5e</strong></span> <span class='ocrx_word' id='word_1_60' title='bbox 809 1672 1011 1737; x_wconf 90' lang='lat' dir='ltr'><strong>libros</strong></span> <span class='ocrx_word' id='word_1_61' title='bbox 1058 1670 1371 1737; x_wconf 89' lang='lat' dir='ltr'><strong>disiectae</strong></span> <span class='ocrx_word' id='word_1_62' title='bbox 1413 1677 1584 1754; x_wconf 88' lang='lat' dir='ltr'><strong>suut,</strong></span> <span class='ocrx_word' id='word_1_63' title='bbox 1635 1672 2028 1756; x_wconf 87' lang='lat' dir='ltr'><strong>singularem</strong></span> <span class='ocrx_word' id='word_1_64' title='bbox 2049 1672 2362 1738; x_wconf 90' lang='lat' dir='ltr'><strong>habemus</strong></span> <span class='ocrx_word' id='word_1_65' title='bbox 2388 1677 2585 1757; x_wconf 87' lang='lat' dir='ltr'><strong>atque</strong></span> <span class='ocrx_word' id='word_1_66' title='bbox 2620 1672 2901 1757; x_wconf 88' lang='lat' dir='ltr'><strong>amplam</strong></span> 
     </span>
     <span class='ocr_line' id='line_1_11' title="bbox 637 1784 2897 1871; baseline 0 -21"><span class='ocrx_word' id='word_1_67' title='bbox 637 1785 1024 1866; x_wconf 87' lang='lat' dir='ltr'><strong>litterarum,</strong></span> <span class='ocrx_word' id='word_1_68' title='bbox 1052 1785 1609 1867; x_wconf 86' lang='lat' dir='ltr'><strong>constitutionum,</strong></span> <span class='ocrx_word' id='word_1_69' title='bbox 1646 1784 2020 1852; x_wconf 82' lang='lat' dir='ltr'><strong>tabularum</strong></span> <span class='ocrx_word' id='word_1_70' title='bbox 2056 1786 2458 1871; x_wconf 92' lang='lat' dir='ltr'><strong>aliorumque</strong></span> <span class='ocrx_word' id='word_1_71' title='bbox 2504 1788 2897 1852; x_wconf 88' lang='lat' dir='ltr'><strong>commenta-</strong></span> 
     </span>
     <span class='ocr_line' id='line_1_12' title="bbox 638 1898 2898 1982; baseline 0.001 -20"><span class='ocrx_word' id='word_1_72' title='bbox 638 1899 882 1963; x_wconf 91' lang='lat' dir='ltr'><strong>riorum</strong></span> <span class='ocrx_word' id='word_1_73' title='bbox 926 1899 1062 1963; x_wconf 92' lang='lat' dir='ltr'><strong>eius</strong></span> <span class='ocrx_word' id='word_1_74' title='bbox 1109 1898 1581 1980; x_wconf 87' lang='lat' dir='ltr'><strong>collectionem,</strong></span> <span class='ocrx_word' id='word_1_75' title='bbox 1649 1899 1834 1964; x_wconf 89' lang='lat' dir='ltr'><strong>cuius</strong></span> <span class='ocrx_word' id='word_1_76' title='bbox 1892 1898 2301 1982; x_wconf 91' lang='lat' dir='ltr'><strong>potissimum</strong></span> <span class='ocrx_word' id='word_1_77' title='bbox 2359 1898 2484 1964; x_wconf 91' lang='lat' dir='ltr'><strong>hoc</strong></span> <span class='ocrx_word' id='word_1_78' title='bbox 2536 1898 2681 1964; x_wconf 90' lang='lat' dir='ltr'><strong>loco</strong></span> <span class='ocrx_word' id='word_1_79' title='bbox 2726 1899 2898 1965; x_wconf 88' lang='lat' dir='ltr'><strong>ratio</strong></span> 
     </span>
     <span class='ocr_line' id='line_1_13' title="bbox 636 2009 2896 2096; baseline 0.001 -22"><span class='ocrx_word' id='word_1_80' title='bbox 636 2009 940 2093; x_wconf 86' lang='lat' dir='ltr'><strong>habenda</strong></span> <span class='ocrx_word' id='word_1_81' title='bbox 983 2011 1126 2075; x_wconf 91' lang='lat' dir='ltr'><strong>erit.</strong></span> <span class='ocrx_word' id='word_1_82' title='bbox 1219 2010 1517 2096; x_wconf 86' lang='lat' dir='ltr'><strong>Gregorii</strong></span> <span class='ocrx_word' id='word_1_83' title='bbox 1574 2009 1716 2076; x_wconf 89' lang='lat' dir='ltr'><strong>VH.</strong></span> <span class='ocrx_word' id='word_1_84' title='bbox 1761 2012 2135 2094; x_wconf 71' lang='lat' dir='ltr'><strong>Reqistrum</strong></span> <span class='ocrx_word' id='word_1_85' title='bbox 2178 2015 2435 2078; x_wconf 87' lang='lat' dir='ltr'><strong>vocant.</strong></span> <span class='ocrx_word' id='word_1_86' title='bbox 2526 2011 2769 2078; x_wconf 91' lang='lat' dir='ltr'><strong>Verum</strong></span> <span class='ocrx_word' id='word_1_87' title='bbox 2812 2010 2896 2077; x_wconf 89' lang='lat' dir='ltr'><strong>ab</strong></span> 
     </span>
     <span class='ocr_line' id='line_1_14' title="bbox 633 2123 2897 2208; baseline 0 -20"><span class='ocrx_word' id='word_1_88' title='bbox 633 2123 744 2188; x_wconf 87' lang='lat' dir='ltr'><strong>illo</strong></span> <span class='ocrx_word' id='word_1_89' title='bbox 787 2125 1086 2206; x_wconf 89' lang='lat' dir='ltr'><strong>registro,</strong></span> <span class='ocrx_word' id='word_1_90' title='bbox 1156 2123 1333 2207; x_wconf 93' lang='lat' dir='ltr'><strong>quod</strong></span> <span class='ocrx_word' id='word_1_91' title='bbox 1388 2124 1655 2208; x_wconf 88' lang='lat' dir='ltr'><strong>publica</strong></span> <span class='ocrx_word' id='word_1_92' title='bbox 1702 2125 2098 2191; x_wconf 89' lang='lat' dir='ltr'><strong>auctoritate</strong></span> <span class='ocrx_word' id='word_1_93' title='bbox 2155 2124 2224 2189; x_wconf 92' lang='lat' dir='ltr'><strong>in</strong></span> <span class='ocrx_word' id='word_1_94' title='bbox 2281 2125 2462 2190; x_wconf 89' lang='lat' dir='ltr'><strong>curia</strong></span> <span class='ocrx_word' id='word_1_95' title='bbox 2506 2123 2802 2190; x_wconf 86' lang='lat' dir='ltr'><strong>Romana</strong></span> <span class='ocrx_word' id='word_1_96' title='bbox 2856 2145 2897 2190; x_wconf 91' lang='lat' dir='ltr'><strong>a</strong></span> 
     </span>
    </p>
   </div>
   <div class='ocr_carea' id='block_1_3' title="bbox 635 2236 3019 2331">
    <p class='ocr_par' dir='ltr' id='par_1_4' title="bbox 635 2236 3019 2331">
     <span class='ocr_line' id='line_1_15' title="bbox 635 2236 3019 2331; baseline 0 -30"><span class='ocrx_word' id='word_1_97' title='bbox 635 2237 1034 2301; x_wconf 82' lang='lat' dir='ltr'><strong>cancellariis</strong></span> <span class='ocrx_word' id='word_1_98' title='bbox 1082 2237 1253 2302; x_wconf 86' lang='lat' dir='ltr'><strong>sedis</strong></span> <span class='ocrx_word' id='word_1_99' title='bbox 1297 2237 1697 2320; x_wconf 88' lang='lat' dir='ltr'><strong>apostolicae</strong></span> <span class='ocrx_word' id='word_1_100' title='bbox 1733 2259 1953 2303; x_wconf 91' lang='lat' dir='ltr'><strong>rerum</strong></span> <span class='ocrx_word' id='word_1_101' title='bbox 1988 2236 2652 2302; x_wconf 89' lang='lat' dir='ltr'><strong>administrandarum</strong></span> <span class='ocrx_word' id='word_1_102' title='bbox 2698 2256 2897 2303; x_wconf 88' lang='lat' dir='ltr'><strong>causa</strong></span> <span class='ocrx_word' id='word_1_103' title='bbox 3015 2326 3019 2331; x_wconf 11' lang='grc' dir='ltr'><em>ᾗ</em></span> 
     </span>
    </p>
   </div>
   <div class='ocr_carea' id='block_1_4' title="bbox 597 2348 2895 3785">
    <p class='ocr_par' dir='ltr' id='par_1_5' title="bbox 597 2348 2895 3785">
     <span class='ocr_line' id='line_1_16' title="bbox 631 2348 2894 2434; baseline 0.001 -22"><span class='ocrx_word' id='word_1_104' title='bbox 631 2348 764 2413; x_wconf 88' lang='lat' dir='ltr'><strong>iam</strong></span> <span class='ocrx_word' id='word_1_105' title='bbox 806 2349 916 2414; x_wconf 92' lang='lat' dir='ltr'><strong>illa</strong></span> <span class='ocrx_word' id='word_1_106' title='bbox 959 2355 1194 2416; x_wconf 81' lang='lat' dir='ltr'><strong>aetate</strong></span> <span class='ocrx_word' id='word_1_107' title='bbox 1253 2349 1747 2430; x_wconf 87' lang='lat' dir='ltr'><strong>conficiebatur,</strong></span> <span class='ocrx_word' id='word_1_108' title='bbox 1813 2350 1939 2416; x_wconf 90' lang='lat' dir='ltr'><strong>hoc</strong></span> <span class='ocrx_word' id='word_1_109' title='bbox 1993 2349 2199 2433; x_wconf 91' lang='lat' dir='ltr'><strong>probe</strong></span> <span class='ocrx_word' id='word_1_110' title='bbox 2255 2349 2547 2434; x_wconf 88' lang='lat' dir='ltr'><strong>dignosci</strong></span> <span class='ocrx_word' id='word_1_111' title='bbox 2614 2353 2894 2434; x_wconf 90' lang='lat' dir='ltr'><strong>oportet.</strong></span> 
     </span>
     <span class='ocr_line' id='line_1_17' title="bbox 633 2459 2894 2546; baseline 0 -20"><span class='ocrx_word' id='word_1_112' title='bbox 633 2459 693 2525; x_wconf 91' lang='lat' dir='ltr'>N</span> <span class='ocrx_word' id='word_1_113' title='bbox 695 2482 768 2526; x_wconf 90' lang='lat' dir='ltr'><strong>ec</strong></span> <span class='ocrx_word' id='word_1_114' title='bbox 814 2463 983 2527; x_wconf 90' lang='lat' dir='ltr'><strong>enim</strong></span> <span class='ocrx_word' id='word_1_115' title='bbox 1028 2461 1382 2546; x_wconf 89' lang='lat' dir='ltr'><strong>quidquam</strong></span> <span class='ocrx_word' id='word_1_116' title='bbox 1423 2462 1599 2527; x_wconf 89' lang='lat' dir='ltr'><strong>aliud</strong></span> <span class='ocrx_word' id='word_1_117' title='bbox 1645 2467 1765 2543; x_wconf 89' lang='lat' dir='ltr'><strong>est,</strong></span> <span class='ocrx_word' id='word_1_118' title='bbox 1807 2464 1933 2528; x_wconf 88' lang='lat' dir='ltr'><strong>nisi</strong></span> <span class='ocrx_word' id='word_1_119' title='bbox 1952 2463 2212 2546; x_wconf 87' lang='lat' dir='ltr'><strong>privata</strong></span> <span class='ocrx_word' id='word_1_120' title='bbox 2241 2462 2574 2546; x_wconf 76' lang='lat' dir='ltr'><strong>quaedam</strong></span> <span class='ocrx_word' id='word_1_121' title='bbox 2599 2462 2894 2529; x_wconf 92' lang='lat' dir='ltr'><strong>collectio</strong></span> 
     </span>
     <span class='ocr_line' id='line_1_18' title="bbox 634 2573 2895 2660; baseline 0.001 -21"><span class='ocrx_word' id='word_1_122' title='bbox 634 2595 675 2639; x_wconf 83' lang='lat' dir='ltr'><strong>a</strong></span> <span class='ocrx_word' id='word_1_123' title='bbox 717 2575 936 2640; x_wconf 86' lang='lat' dir='ltr'><strong>nescio</strong></span> <span class='ocrx_word' id='word_1_124' title='bbox 985 2596 1114 2659; x_wconf 91' lang='lat' dir='ltr'><strong>quo</strong></span> <span class='ocrx_word' id='word_1_125' title='bbox 1162 2575 1456 2656; x_wconf 90' lang='lat' dir='ltr'><strong>condita,</strong></span> <span class='ocrx_word' id='word_1_126' title='bbox 1518 2579 1595 2640; x_wconf 90' lang='lat' dir='ltr'><strong>ut</strong></span> <span class='ocrx_word' id='word_1_127' title='bbox 1637 2595 1945 2659; x_wconf 88' lang='lat' dir='ltr'><strong>magnum</strong></span> <span class='ocrx_word' id='word_1_128' title='bbox 1992 2573 2288 2659; x_wconf 82' lang='lat' dir='ltr'><strong>Gregorii</strong></span> <span class='ocrx_word' id='word_1_129' title='bbox 2332 2597 2568 2656; x_wconf 78' lang='lat' dir='ltr'><strong>nomen</strong></span> <span class='ocrx_word' id='word_1_130' title='bbox 2612 2575 2895 2660; x_wconf 88' lang='lat' dir='ltr'><strong>posteris</strong></span> 
     </span>
     <span class='ocr_line' id='line_1_19' title="bbox 634 2687 2894 2773; baseline 0.001 -22"><span class='ocrx_word' id='word_1_131' title='bbox 634 2687 1217 2753; x_wconf 87' lang='lat' dir='ltr'><strong>commendaretur.</strong></span> <span class='ocrx_word' id='word_1_132' title='bbox 1261 2687 1447 2764; x_wconf 83' lang='lat' dir='ltr'><strong>Quod</strong></span> <span class='ocrx_word' id='word_1_133' title='bbox 1472 2687 1733 2771; x_wconf 90' lang='lat' dir='ltr'><strong>quidem</strong></span> <span class='ocrx_word' id='word_1_134' title='bbox 1756 2709 1949 2773; x_wconf 80' lang='lat' dir='ltr'><strong>opuS,</strong></span> <span class='ocrx_word' id='word_1_135' title='bbox 1968 2710 2364 2773; x_wconf 88' lang='lat' dir='ltr'><strong>quamquam</strong></span> <span class='ocrx_word' id='word_1_136' title='bbox 2383 2688 2646 2773; x_wconf 90' lang='lat' dir='ltr'><strong>publica</strong></span> <span class='ocrx_word' id='word_1_137' title='bbox 2668 2692 2894 2754; x_wconf 87' lang='lat' dir='ltr'><strong>aucto-</strong></span> 
     </span>
     <span class='ocr_line' id='line_1_20' title="bbox 631 2789 2895 2885; baseline 0.001 -22"><span class='ocrx_word' id='word_1_138' title='bbox 631 2799 830 2865; x_wconf 90' lang='lat' dir='ltr'><strong>ritate</strong></span> <span class='ocrx_word' id='word_1_139' title='bbox 875 2801 980 2866; x_wconf 85' lang='lat' dir='ltr'><strong>vix</strong></span> <span class='ocrx_word' id='word_1_140' title='bbox 1025 2822 1312 2884; x_wconf 90' lang='lat' dir='ltr'><strong>unquam</strong></span> <span class='ocrx_word' id='word_1_141' title='bbox 1375 2799 1530 2881; x_wconf 87' lang='lat' dir='ltr'><strong>fuit,</strong></span> <span class='ocrx_word' id='word_1_142' title='bbox 1598 2789 1820 2866; x_wconf 88' lang='lat' dir='ltr'><strong>tamen</strong></span> <span class='ocrx_word' id='word_1_143' title='bbox 1864 2822 1997 2865; x_wconf 94' lang='lat' dir='ltr'><strong>non</strong></span> <span class='ocrx_word' id='word_1_144' title='bbox 2061 2801 2255 2869; x_wconf 91' lang='lat' dir='ltr'><strong>modo</strong></span> <span class='ocrx_word' id='word_1_145' title='bbox 2299 2822 2722 2885; x_wconf 88' lang='lat' dir='ltr'><strong>permagnam</strong></span> <span class='ocrx_word' id='word_1_146' title='bbox 2767 2800 2895 2866; x_wconf 89' lang='lat' dir='ltr'><strong>uti·</strong></span> 
     </span>
     <span class='ocr_line' id='line_1_21' title="bbox 630 2912 2893 2997; baseline 0 -20"><span class='ocrx_word' id='word_1_147' title='bbox 630 2912 883 2978; x_wconf 89' lang='lat' dir='ltr'><strong>litatem</strong></span> <span class='ocrx_word' id='word_1_148' title='bbox 924 2912 1216 2997; x_wconf 87' lang='lat' dir='ltr'><strong>praebet,</strong></span> <span class='ocrx_word' id='word_1_149' title='bbox 1265 2912 1382 2977; x_wconf 91' lang='lat' dir='ltr'><strong>sed</strong></span> <span class='ocrx_word' id='word_1_150' title='bbox 1427 2913 1624 2978; x_wconf 90' lang='lat' dir='ltr'><strong>etiam</strong></span> <span class='ocrx_word' id='word_1_151' title='bbox 1667 2914 1841 2979; x_wconf 92' lang='lat' dir='ltr'><strong>omni</strong></span> <span class='ocrx_word' id='word_1_152' title='bbox 1882 2912 2011 2979; x_wconf 88' lang='lat' dir='ltr'><strong>fide</strong></span> <span class='ocrx_word' id='word_1_153' title='bbox 2056 2913 2321 2997; x_wconf 87' lang='lat' dir='ltr'><strong>dignum</strong></span> <span class='ocrx_word' id='word_1_154' title='bbox 2363 2913 2639 2980; x_wconf 85' lang='lat' dir='ltr'><strong>videtur.</strong></span> <span class='ocrx_word' id='word_1_155' title='bbox 2709 2913 2893 2994; x_wconf 86' lang='lat' dir='ltr'><strong>Nam,</strong></span> 
     </span>
     <span class='ocr_line' id='line_1_22' title="bbox 631 3006 2894 3111; baseline 0.001 -22"><span class='ocrx_word' id='word_1_156' title='bbox 631 3026 756 3090; x_wconf 88' lang='lat' dir='ltr'><strong>nisi</strong></span> <span class='ocrx_word' id='word_1_157' title='bbox 789 3024 976 3091; x_wconf 90' lang='lat' dir='ltr'><strong>valde</strong></span> <span class='ocrx_word' id='word_1_158' title='bbox 1023 3026 1238 3108; x_wconf 90' lang='lat' dir='ltr'><strong>opinio</strong></span> <span class='ocrx_word' id='word_1_159' title='bbox 1284 3046 1387 3090; x_wconf 91' lang='lat' dir='ltr'><strong>me</strong></span> <span class='ocrx_word' id='word_1_160' title='bbox 1429 3024 1685 3106; x_wconf 89' lang='lat' dir='ltr'><strong>fefellit,</strong></span> <span class='ocrx_word' id='word_1_161' title='bbox 1753 3026 1864 3110; x_wconf 93' lang='lat' dir='ltr'><strong>qui</strong></span> <span class='ocrx_word' id='word_1_162' title='bbox 1907 3026 1977 3093; x_wconf 94' lang='lat' dir='ltr'><strong>id</strong></span> <span class='ocrx_word' id='word_1_163' title='bbox 2022 3006 2375 3109; x_wconf 85' lang='lat' dir='ltr'><strong>disposuit,</strong></span> <span class='ocrx_word' id='word_1_164' title='bbox 2440 3047 2646 3111; x_wconf 91' lang='lat' dir='ltr'><strong>usque</strong></span> <span class='ocrx_word' id='word_1_165' title='bbox 2690 3026 2775 3091; x_wconf 87' lang='lat' dir='ltr'><strong>ad</strong></span> <span class='ocrx_word' id='word_1_166' title='bbox 2817 3025 2894 3091; x_wconf 91' lang='lat' dir='ltr'><strong>li-</strong></span> 
     </span>
     <span class='ocr_line' id='line_1_23' title="bbox 597 3136 2892 3223; baseline 0 -21"><span class='ocrx_word' id='word_1_167' title='bbox 597 3163 601 3168; x_wconf 94' lang='lat'><em>·</em></span> <span class='ocrx_word' id='word_1_168' title='bbox 630 3136 820 3202; x_wconf 88' lang='lat' dir='ltr'><strong>brum</strong></span> <span class='ocrx_word' id='word_1_169' title='bbox 867 3143 1167 3203; x_wconf 85' lang='lat' dir='ltr'><strong>octavum</strong></span> <span class='ocrx_word' id='word_1_170' title='bbox 1209 3137 1468 3221; x_wconf 90' lang='lat' dir='ltr'><strong>publico</strong></span> <span class='ocrx_word' id='word_1_171' title='bbox 1513 3138 1624 3203; x_wconf 93' lang='lat' dir='ltr'><strong>illo</strong></span> <span class='ocrx_word' id='word_1_172' title='bbox 1660 3139 1940 3222; x_wconf 91' lang='lat' dir='ltr'><strong>registro</strong></span> <span class='ocrx_word' id='word_1_173' title='bbox 1968 3139 2368 3223; x_wconf 89' lang='lat' dir='ltr'><strong>apostolicae</strong></span> <span class='ocrx_word' id='word_1_174' title='bbox 2393 3138 2817 3205; x_wconf 89' lang='lat' dir='ltr'><strong>cancellariae</strong></span> <span class='ocrx_word' id='word_1_175' title='bbox 2846 3138 2892 3223; x_wconf 90' lang='lat'><strong>¹)</strong></span> 
     </span>
     <span class='ocr_line' id='line_1_24' title="bbox 630 3230 2894 3338; baseline 0 -22"><span class='ocrx_word' id='word_1_176' title='bbox 630 3272 806 3331; x_wconf 71' lang='lat' dir='ltr'><strong>usne,</strong></span> <span class='ocrx_word' id='word_1_177' title='bbox 854 3272 1277 3334; x_wconf 89' lang='lat' dir='ltr'><strong>quaecunque</strong></span> <span class='ocrx_word' id='word_1_178' title='bbox 1304 3251 1430 3333; x_wconf 89' lang='lat' dir='ltr'><strong>ipsi</strong></span> <span class='ocrx_word' id='word_1_179' title='bbox 1462 3249 1782 3316; x_wconf 89' lang='lat' dir='ltr'><strong>notabilia</strong></span> <span class='ocrx_word' id='word_1_180' title='bbox 1803 3252 1943 3317; x_wconf 84' lang='lat' dir='ltr'><strong>visa</strong></span> <span class='ocrx_word' id='word_1_181' title='bbox 1966 3256 2173 3332; x_wconf 89' lang='lat' dir='ltr'><strong>erant,</strong></span> <span class='ocrx_word' id='word_1_182' title='bbox 2217 3251 2369 3317; x_wconf 91' lang='lat' dir='ltr'><strong>inde</strong></span> <span class='ocrx_word' id='word_1_183' title='bbox 2395 3230 2738 3338; x_wconf 64' lang='lat' dir='ltr'><strong>decerpsit,</strong></span> <span class='ocrx_word' id='word_1_184' title='bbox 2785 3271 2894 3317; x_wconf 89' lang='lat' dir='ltr'><strong>eo·</strong></span> 
     </span>
     <span class='ocr_line' id='line_1_25' title="bbox 622 3362 2892 3467; baseline 0 -38"><span class='ocrx_word' id='word_1_185' title='bbox 622 3363 904 3467; x_wconf 23' lang='lat' dir='ltr'><strong>,demque</strong></span> <span class='ocrx_word' id='word_1_186' title='bbox 926 3363 1062 3429; x_wconf 89' lang='lat' dir='ltr'><strong>fere</strong></span> <span class='ocrx_word' id='word_1_187' title='bbox 1089 3362 1334 3443; x_wconf 84' lang='lat' dir='ltr'><strong>ordine,</strong></span> <span class='ocrx_word' id='word_1_188' title='bbox 1379 3383 1507 3446; x_wconf 92' lang='lat' dir='ltr'><strong>quo</strong></span> <span class='ocrx_word' id='word_1_189' title='bbox 1540 3363 1671 3429; x_wconf 92' lang='lat' dir='ltr'><strong>illic</strong></span> <span class='ocrx_word' id='word_1_190' title='bbox 1698 3364 2054 3445; x_wconf 86' lang='lat' dir='ltr'><strong>invenerat,</strong></span> <span class='ocrx_word' id='word_1_191' title='bbox 2099 3366 2168 3431; x_wconf 91' lang='lat' dir='ltr'><strong>in</strong></span> <span class='ocrx_word' id='word_1_192' title='bbox 2194 3386 2381 3431; x_wconf 87' lang='lat' dir='ltr'><strong>suum</strong></span> <span class='ocrx_word' id='word_1_193' title='bbox 2423 3364 2662 3431; x_wconf 77' lang='lat' dir='ltr'><strong>librum</strong></span> <span class='ocrx_word' id='word_1_194' title='bbox 2710 3368 2892 3430; x_wconf 89' lang='lat' dir='ltr'><strong>tran-</strong></span> 
     </span>
     <span class='ocr_line' id='line_1_26' title="bbox 620 3458 2892 3561; baseline -0 -19"><span class='ocrx_word' id='word_1_195' title='bbox 620 3458 975 3542; x_wconf 55' lang='lat' dir='ltr'><strong>}&#39;dribenda</strong></span> <span class='ocrx_word' id='word_1_196' title='bbox 1042 3477 1292 3542; x_wconf 87' lang='lat' dir='ltr'><strong>curavit</strong></span> <span class='ocrx_word' id='word_1_197' title='bbox 1312 3476 1388 3559; x_wconf 73' lang='grc'><strong>2).</strong></span> <span class='ocrx_word' id='word_1_198' title='bbox 1523 3474 1688 3541; x_wconf 89' lang='lat' dir='ltr'><strong>Tum</strong></span> <span class='ocrx_word' id='word_1_199' title='bbox 1754 3475 2012 3543; x_wconf 85' lang='lat' dir='ltr'><strong>demum</strong></span> <span class='ocrx_word' id='word_1_200' title='bbox 2084 3478 2154 3543; x_wconf 93' lang='lat' dir='ltr'><strong>in</strong></span> <span class='ocrx_word' id='word_1_201' title='bbox 2222 3479 2528 3543; x_wconf 81' lang='lat' dir='ltr'><strong>extremis</strong></span> <span class='ocrx_word' id='word_1_202' title='bbox 2592 3476 2892 3561; x_wconf 88' lang='lat' dir='ltr'><strong>partibus</strong></span> 
     </span>
     <span class='ocr_line' id='line_1_27' title="bbox 631 3587 2895 3682; baseline -0 -27"><span class='ocrx_word' id='word_1_203' title='bbox 631 3590 1060 3674; x_wconf 77' lang='lat' dir='ltr'><strong>collectioniS,</strong></span> <span class='ocrx_word' id='word_1_204' title='bbox 1129 3589 1372 3672; x_wconf 91' lang='lat' dir='ltr'><strong>optimo</strong></span> <span class='ocrx_word' id='word_1_205' title='bbox 1435 3587 1545 3653; x_wconf 92' lang='lat' dir='ltr'><strong>illo</strong></span> <span class='ocrx_word' id='word_1_206' title='bbox 1588 3590 1920 3682; x_wconf 89' lang='lat' dir='ltr'><strong>praesidio</strong></span> <span class='ocrx_word' id='word_1_207' title='bbox 1980 3589 2369 3672; x_wconf 91' lang='lat' dir='ltr'><strong>destitutus,</strong></span> <span class='ocrx_word' id='word_1_208' title='bbox 2436 3611 2604 3673; x_wconf 86' lang='lat' dir='ltr'><strong>quae</strong></span> <span class='ocrx_word' id='word_1_209' title='bbox 2647 3590 2783 3656; x_wconf 85' lang='lat' dir='ltr'><strong>fors</strong></span> <span class='ocrx_word' id='word_1_210' title='bbox 2826 3593 2895 3655; x_wconf 88' lang='lat' dir='ltr'><strong>et</strong></span> 
     </span>
     <span class='ocr_line' id='line_1_28' title="bbox 628 3680 2895 3785; baseline 0 -18"><span class='ocrx_word' id='word_1_211' title='bbox 628 3680 894 3768; x_wconf 80' lang='lat' dir='ltr'><strong>fortuna</strong></span> <span class='ocrx_word' id='word_1_212' title='bbox 950 3725 990 3768; x_wconf 92' lang='lat' dir='ltr'><strong>a</strong></span> <span class='ocrx_word' id='word_1_213' title='bbox 1045 3701 1314 3768; x_wconf 82' lang='lat' dir='ltr'><strong>diversis</strong></span> <span class='ocrx_word' id='word_1_214' title='bbox 1373 3701 1532 3770; x_wconf 90' lang='lat' dir='ltr'><strong>locis</strong></span> <span class='ocrx_word' id='word_1_215' title='bbox 1581 3702 1640 3767; x_wconf 91' lang='lat' dir='ltr'><strong>ei</strong></span> <span class='ocrx_word' id='word_1_216' title='bbox 1688 3701 2096 3785; x_wconf 89' lang='lat' dir='ltr'><strong>obtulerant,</strong></span> <span class='ocrx_word' id='word_1_217' title='bbox 2140 3703 2279 3770; x_wconf 86' lang='lat' dir='ltr'><strong>sine</strong></span> <span class='ocrx_word' id='word_1_218' title='bbox 2325 3706 2506 3770; x_wconf 90' lang='lat' dir='ltr'><strong>certo</strong></span> <span class='ocrx_word' id='word_1_219' title='bbox 2552 3702 2779 3770; x_wconf 82' lang='lat' dir='ltr'><strong>ordine</strong></span> <span class='ocrx_word' id='word_1_220' title='bbox 2824 3705 2895 3768; x_wconf 90' lang='lat' dir='ltr'><strong>et</strong></span> 
     </span>
    </p>
   </div>
   <div class='ocr_carea' id='block_1_5' title="bbox 602 4030 2892 4484">
    <p class='ocr_par' dir='ltr' id='par_1_6' title="bbox 666 4030 2888 4195">
     <span class='ocr_line' id='line_1_29' title="bbox 666 4030 2888 4100; baseline 0.003 -19"><span class='ocrx_word' id='word_1_221' title='bbox 666 4034 721 4097; x_wconf 88' lang='lat'><strong>1)</strong></span> <span class='ocrx_word' id='word_1_222' title='bbox 761 4030 1048 4099; x_wconf 87' lang='lat' dir='ltr'><strong>Gregorius</strong></span> <span class='ocrx_word' id='word_1_223' title='bbox 1079 4031 1195 4099; x_wconf 87' lang='lat' dir='ltr'><strong>ipse</strong></span> <span class='ocrx_word' id='word_1_224' title='bbox 1235 4030 1450 4097; x_wconf 82' lang='lat' dir='ltr'><strong>registri</strong></span> <span class='ocrx_word' id='word_1_225' title='bbox 1484 4031 1566 4085; x_wconf 85' lang='lat' dir='ltr'><strong>sui</strong></span> <span class='ocrx_word' id='word_1_226' title='bbox 1599 4033 1925 4087; x_wconf 87' lang='lat' dir='ltr'><strong>mentionem</strong></span> <span class='ocrx_word' id='word_1_227' title='bbox 1957 4031 2085 4087; x_wconf 83' lang='lat' dir='ltr'><strong>facit</strong></span> <span class='ocrx_word' id='word_1_228' title='bbox 2118 4032 2237 4085; x_wconf 90' lang='lat' dir='ltr'><strong>Lib.</strong></span> <span class='ocrx_word' id='word_1_229' title='bbox 2272 4030 2393 4085; x_wconf 90' lang='lat' dir='ltr'><strong>VH.</strong></span> <span class='ocrx_word' id='word_1_230' title='bbox 2432 4046 2519 4100; x_wconf 90' lang='lat' dir='ltr'><strong>ep.</strong></span> <span class='ocrx_word' id='word_1_231' title='bbox 2562 4031 2640 4083; x_wconf 83' lang='lat'><strong>16.</strong></span> <span class='ocrx_word' id='word_1_232' title='bbox 2680 4037 2736 4086; x_wconf 86' lang='lat' dir='ltr'><strong>et</strong></span> <span class='ocrx_word' id='word_1_233' title='bbox 2768 4031 2888 4087; x_wconf 88' lang='lat' dir='ltr'><strong>Lib.</strong></span> 
     </span>
     <span class='ocr_line' id='line_1_30' title="bbox 768 4124 2333 4195; baseline -0.003 -16"><span class='ocrx_word' id='word_1_234' title='bbox 768 4125 863 4179; x_wconf 91' lang='lat' dir='ltr'><strong>IX.</strong></span> <span class='ocrx_word' id='word_1_235' title='bbox 904 4142 989 4195; x_wconf 90' lang='lat' dir='ltr'><strong>ep.</strong></span> <span class='ocrx_word' id='word_1_236' title='bbox 1029 4127 1114 4175; x_wconf 86' lang='lat'><strong>31.</strong></span> <span class='ocrx_word' id='word_1_237' title='bbox 1153 4125 1233 4178; x_wconf 84' lang='lat' dir='ltr'><strong>cf.</strong></span> <span class='ocrx_word' id='word_1_238' title='bbox 1269 4125 1390 4178; x_wconf 91' lang='lat' dir='ltr'><strong>Lib.</strong></span> <span class='ocrx_word' id='word_1_239' title='bbox 1426 4124 1493 4178; x_wconf 93' lang='lat' dir='ltr'><strong>V.</strong></span> <span class='ocrx_word' id='word_1_240' title='bbox 1532 4142 1618 4195; x_wconf 92' lang='lat' dir='ltr'><strong>ep.</strong></span> <span class='ocrx_word' id='word_1_241' title='bbox 1659 4128 1707 4179; x_wconf 87' lang='lat'><strong>7.</strong></span> <span class='ocrx_word' id='word_1_242' title='bbox 1750 4133 1806 4182; x_wconf 88' lang='lat' dir='ltr'><strong>et</strong></span> <span class='ocrx_word' id='word_1_243' title='bbox 1839 4126 1959 4180; x_wconf 90' lang='lat' dir='ltr'><strong>Lib.</strong></span> <span class='ocrx_word' id='word_1_244' title='bbox 1996 4125 2089 4179; x_wconf 90' lang='lat' dir='ltr'><strong>VI.</strong></span> <span class='ocrx_word' id='word_1_245' title='bbox 2126 4141 2212 4194; x_wconf 91' lang='lat' dir='ltr'><strong>ep.</strong></span> <span class='ocrx_word' id='word_1_246' title='bbox 2251 4128 2333 4176; x_wconf 80' lang='lat'><strong>24.</strong></span> 
     </span>
    </p>

    <p class='ocr_par' dir='ltr' id='par_1_7' title="bbox 602 4219 2891 4290">
     <span class='ocr_line' id='line_1_31' title="bbox 602 4219 2891 4290; baseline 0.002 -18"><span class='ocrx_word' id='word_1_247' title='bbox 602 4252 610 4263; x_wconf 88' lang='lat'><strong>·</strong></span> <span class='ocrx_word' id='word_1_248' title='bbox 667 4223 724 4289; x_wconf 83' lang='lat'><strong>2)</strong></span> <span class='ocrx_word' id='word_1_249' title='bbox 759 4221 902 4276; x_wconf 90' lang='lat' dir='ltr'><strong>Num</strong></span> <span class='ocrx_word' id='word_1_250' title='bbox 948 4222 1106 4276; x_wconf 85' lang='lat' dir='ltr'><strong>etiam</strong></span> <span class='ocrx_word' id='word_1_251' title='bbox 1139 4220 1195 4274; x_wconf 91' lang='lat' dir='ltr'><strong>in</strong></span> <span class='ocrx_word' id='word_1_252' title='bbox 1236 4220 1398 4275; x_wconf 87' lang='lat' dir='ltr'><strong>tertio</strong></span> <span class='ocrx_word' id='word_1_253' title='bbox 1439 4220 1575 4275; x_wconf 88' lang='lat' dir='ltr'><strong>libro</strong></span> <span class='ocrx_word' id='word_1_254' title='bbox 1617 4220 1927 4276; x_wconf 87' lang='lat' dir='ltr'><strong>adornando</strong></span> <span class='ocrx_word' id='word_1_255' title='bbox 1972 4220 2180 4275; x_wconf 87' lang='lat' dir='ltr'><strong>auctori</strong></span> <span class='ocrx_word' id='word_1_256' title='bbox 2227 4219 2462 4287; x_wconf 83' lang='lat' dir='ltr'><strong>Registri</strong></span> <span class='ocrx_word' id='word_1_257' title='bbox 2508 4220 2678 4275; x_wconf 87' lang='lat' dir='ltr'><strong>nostri</strong></span> <span class='ocrx_word' id='word_1_258' title='bbox 2721 4220 2891 4290; x_wconf 92' lang='lat' dir='ltr'><strong>publi-</strong></span> 
     </span>
    </p>

    <p class='ocr_par' dir='ltr' id='par_1_8' title="bbox 765 4314 2892 4387">
     <span class='ocr_line' id='line_1_32' title="bbox 765 4314 2892 4387; baseline 0.001 -17"><span class='ocrx_word' id='word_1_259' title='bbox 765 4319 885 4370; x_wconf 79' lang='lat' dir='ltr'><strong>‘cum</strong></span> <span class='ocrx_word' id='word_1_260' title='bbox 917 4316 1200 4385; x_wconf 88' lang='lat' dir='ltr'><strong>registrum</strong></span> <span class='ocrx_word' id='word_1_261' title='bbox 1235 4315 1303 4369; x_wconf 86' lang='lat' dir='ltr'><strong>ad</strong></span> <span class='ocrx_word' id='word_1_262' title='bbox 1336 4331 1549 4370; x_wconf 88' lang='lat' dir='ltr'><strong>manum</strong></span> <span class='ocrx_word' id='word_1_263' title='bbox 1583 4315 1778 4387; x_wconf 84' lang='lat' dir='ltr'><strong>fuerit,</strong></span> <span class='ocrx_word' id='word_1_264' title='bbox 1821 4315 2059 4385; x_wconf 81' lang='lat' dir='ltr'><strong>haesito,</strong></span> <span class='ocrx_word' id='word_1_265' title='bbox 2099 4331 2219 4369; x_wconf 90' lang='lat' dir='ltr'><strong>cum</strong></span> <span class='ocrx_word' id='word_1_266' title='bbox 2258 4314 2449 4384; x_wconf 86' lang='lat' dir='ltr'><strong>insigni</strong></span> <span class='ocrx_word' id='word_1_267' title='bbox 2492 4314 2649 4370; x_wconf 92' lang='lat' dir='ltr'><strong>modo</strong></span> <span class='ocrx_word' id='word_1_268' title='bbox 2692 4316 2747 4370; x_wconf 91' lang='lat' dir='ltr'><strong>in</strong></span> <span class='ocrx_word' id='word_1_269' title='bbox 2786 4316 2892 4373; x_wconf 85' lang='lat' dir='ltr'><strong>hoc</strong></span> 
     </span>
    </p>

    <p class='ocr_par' dir='ltr' id='par_1_9' title="bbox 764 4410 2891 4484">
     <span class='ocr_line' id='line_1_33' title="bbox 764 4410 2891 4484; baseline 0.002 -19"><span class='ocrx_word' id='word_1_270' title='bbox 764 4411 901 4467; x_wconf 90' lang='lat' dir='ltr'><strong>libro</strong></span> <span class='ocrx_word' id='word_1_271' title='bbox 953 4412 1085 4484; x_wconf 88' lang='lat' dir='ltr'><strong>ordo</strong></span> <span class='ocrx_word' id='word_1_272' title='bbox 1135 4428 1314 4465; x_wconf 90' lang='lat' dir='ltr'><strong>rerum</strong></span> <span class='ocrx_word' id='word_1_273' title='bbox 1366 4412 1718 4480; x_wconf 87' lang='lat' dir='ltr'><strong>perturbetur</strong></span> <span class='ocrx_word' id='word_1_274' title='bbox 1770 4417 1933 4479; x_wconf 82' lang='lat' dir='ltr'><strong>atque</strong></span> <span class='ocrx_word' id='word_1_275' title='bbox 1980 4418 2141 4466; x_wconf 82' lang='lat' dir='ltr'><strong>notae</strong></span> <span class='ocrx_word' id='word_1_276' title='bbox 2189 4410 2597 4480; x_wconf 84' lang='lat' dir='ltr'><strong>chronologicae</strong></span> <span class='ocrx_word' id='word_1_277' title='bbox 2649 4411 2891 4480; x_wconf 79' lang='lat' dir='ltr'><strong>plurimis</strong></span> 
     </span>
    </p>
   </div>
   <div class='ocr_carea' id='block_1_6' title="bbox 769 4506 1229 4575">
    <p class='ocr_par' dir='ltr' id='par_1_10' title="bbox 769 4506 1229 4575">
     <span class='ocr_line' id='line_1_34' title="bbox 769 4506 1229 4575; baseline -0.004 -13"><span class='ocrx_word' id='word_1_278' title='bbox 769 4507 1007 4575; x_wconf 84' lang='lat' dir='ltr'><strong>epistolis</strong></span> <span class='ocrx_word' id='word_1_279' title='bbox 1039 4506 1229 4563; x_wconf 82' lang='lat' dir='ltr'><strong>desint.</strong></span> 
     </span>
    </p>
   </div>
  </div>
 </body>
</html>
