3371 5259
453 786 682 826 Editiouis

442 857 696 895 Hansianao

502 926 643 965 locus.

423 1010 537 1061 173.
572 1009 637 1062 Β.

422 1115 536 1167 173.
570 1113 643 1164 D.

421 1219 536 1268 175.
574 1216 637 1268 Β.

426 1322 537 1372 175.
578 1321 647 1371 D.

427 1511 542 1560 175.
577 1507 640 1559 Ε.

427 1613 541 1664 176.
576 1614 645 1662 Α.

429 1716 544 1767 176.
582 1715 642 1768 Β.

430 1820 547 1870 179.
585 1818 643 1870 C.

433 2009 550 2061 179.
588 2007 652 2059 E.

434 2111 655 2164 180..D.

435 2217 549 2267 180.
588 2216 650 2266 Ε.

438 2321 548 2370 181.
585 2321 649 2371 A.

435 2596 550 2646 182.
588 2593 652 2645 Β.

421 2701 553 2751 -182,
591 2699 650 2752 (2.

437 2803 550 2856 186.
583 2802 647 2854 Ε.

439 2908 552 2958 187.
590 2910 655 2958 Δ.

442 3013 554 3062 188.
593 3011 660 3061 D.

444 3201 555 3252 188.
596 3200 654 3249 Ε.

442 3304 555 3354 189.
594 3303 653 3353 C.

443 3407 558 3458 190.
596 3407 656 3458 C.

442 3509 553 3561 191.
589 3508 648 3559 Β.

440 3614 555 3666 193.
592 3614 654 3664 Ε.

439 3804 553 3853 194.
590 3807 656 3854 A.

441 3885 555 3957 194.
594 3905 652 3957 c.

439 4010 554 4061 194.
592 4011 659 4060 D.

442 4131 555 4182 194.
593 4132 661 4182 D.

444 4509 556 4561 195.
572 4525 575 4529 ⁴
594 4509 661 4559 D.

1331 613 1762 688 --‚19—

1161 833 1317 873 Lectio

1142 904 1353 954 vulgaris.

792 1006 848 1062 id
883 1022 1045 1076 agere
1079 981 1401 1075 nequiveris.

793 1109 950 1165 fratri
984 1110 1326 1179 coepiscopo.

794 1229 901 1268 non
937 1212 1189 1268 debemus
1223 1228 1324 1268 nec
1357 1216 1657 1280 possumus.

796 1316 1138 1373 Helvestensi
1171 1315 1594 1384 archiepiscopo.

797 1504 1102 1575 superfluas
1134 1505 1494 1561 iudicavimus.

799 1609 1028 1664 maxime
1066 1609 1156 1677 qui
1188 1608 1338 1663 alios.
1543 1597 1550 1606 ⁶

803 1719 887 1768 est
920 1728 1028 1767 non
1065 1712 1419 1780 acquiescere.

800 1816 946 1871 nullo
963 1830 1197 1884 unquam
1215 1814 1503 1870 exactionis
1520 1813 1697 1869 modo.

805 2006 1067 2060 consistat
1099 2010 1162 2059 ut
1195 1965 1407 2063 nullius.

807 2109 1035 2164 dicenda
1068 2110 1428 2178 relinquimus.

804 2213 1092 2269 humilibus
1126 2214 1391 2282 precibus.

807 2317 1262 2372 contracambium
1278 2316 1524 2371 tribuatis
1541 2345 1608 2354 —-
1625 2315 1705 2370 tui

876 2403 1136 2459 condecet
1209 2404 1419 2473 generis
1483 2401 1704 2471 dignita-

875 2495 1000 2545 tem.

806 2594 1080 2662 propriam
1115 2594 1359 2649 attinere.

809 2697 1070 2765 impartiri
1105 2698 1361 2765 cupimus.

803 2801 896 2857 vel
931 2816 1201 2869 nunquam
1234 2800 1369 2855 Deo.

814 2904 958 2960 visus
995 2910 1079 2958 est
1115 2920 1232 2957 eam
1267 2903 1542 2959 dilaniare.

811 2985 911 3061 His
947 3006 1255 3061 excessibus
1293 3007 1589 3076 diligenter.

812 3197 962 3252 cuius
997 3197 1195 3250 nomini
1234 3204 1287 3251 et
1324 3195 1636 3252 defensioni.

815 3301 906 3369 qui
941 3315 1065 3355 suas
1102 3300 1346 3368 diligunt.

815 3420 881 3460 ac
915 3419 983 3458 ne
1018 3402 1270 3472 quidquid
1302 3403 1544 3458 ulterius.

813 3505 949 3562 velle
986 3508 1103 3562 eius
1136 3506 1368 3562 utilitati.

812 3611 1176 3692 periculosum
1211 3610 1364 3664 nobis
1400 3617 1558 3664 esset.

814 3800 898 3853 vel
932 3801 979 3854 si
1013 3800 1214 3855 malles.

813 3920 1041 3959 mersum
1078 3903 1292 3957 videbis.

813 4023 921 4062 non
957 4008 1247 4064 existimes.

814 4127 933 4182 v11.
969 4126 1096 4182 Idus
1133 4125 1479 4194 Septembris.

814 4505 906 4561 VI.
940 4505 1067 4562 Idus
1102 4504 1366 4562 Octobris.

2063 878 2064 883 Ἰ
2149 832 2301 874 Lectio

2010 903 2178 942 codicis
2206 903 2428 945 Vaticani.

1775 1005 1831 1060 id
1863 1003 2045 1061 facere
2080 1007 2406 1079 nequiveris.

1777 1107 1929 1163 fratri
1964 1116 2020 1163 et
2054 1110 2395 1184 coepiscopo.

1778 1227 1879 1267 nec
1915 1211 2168 1268 debemus
2202 1230 2303 1293 nec
2336 1229 2638 1283 possumus.

1778 1314 2181 1372 Halvestetensi
2223 1319 2474 1387 episcopo
2519 1320 2584 1385 (i.
2632 1336 2672 1371 o.

1846 1401 2319 1471 Halverstatensi).

1701 1538 1702 1543 κ
1780 1502 2109 1573 superfluum
2143 1505 2501 1562 iudicavimus.

1782 1608 2009 1664 maxime
2045 1611 2136 1678 qui
2171 1616 2227 1666 et
2259 1610 2407 1667 alios.

1787 1720 1871 1767 est
1902 1712 2043 1767 nolle
2078 1714 2434 1782 acquiescere.

1784 1815 1930 1870 nullo
1964 1832 2198 1885 unquam
2241 1820 2542 1878 vexationis
2572 1838 2681 1877 mo·

1855 1901 1942 1957 do.

1788 2007 2049 2062 consistat
2084 2013 2139 2062 et
2170 2009 2385 2066 nullius.

1789 2108 2016 2164 dicenda
2048 2110 2374 2180 reliquimus.

1789 2212 2094 2269 humillimis
2129 2216 2397 2283 precibus.

1790 2316 2152 2372 concambium
2193 2319 2441 2375 tribuatis
2488 2349 2553 2358 —
2606 2323 2686 2377 tui

1863 2403 2153 2459 condeceat
2208 2407 2421 2475 generis
2464 2406 2686 2476 dignita-

1857 2494 1981 2543 tem.

1791 2593 2010 2662 proprie
2045 2593 2296 2650 attinere.

1791 2696 2051 2764 impertiri
2084 2699 2340 2767 cupimus.

1793 2800 1878 2855 vel
1911 2817 2142 2869 unquam
2176 2802 2315 2856 Deo,
2450 2873 2454 2878 ι
2491 2869 2496 2877 ,

1795 2905 1942 2959 nisus
1978 2913 2064 2960 est
2099 2921 2218 2960 eam
2250 2892 2524 2962 dilaniare.

1796 3007 1900 3061 Hic
1937 3009 2242 3065 excessibus
2286 3010 2425 3064 enim
2471 3010 2687 3081 diligen-

1865 3100 1965 3148 ter.

1796 3197 1946 3251 cuius
1982 3204 2037 3251 et
2070 3198 2266 3252 nomini
2303 3206 2358 3254 et
2376 3197 2687 3254 defensioni.

1796 3299 1884 3368 qui
1919 3317 2044 3358 vere
2080 3316 2203 3355 suas
2233 3301 2478 3370 diligunt.

1797 3420 1861 3458 ac
1895 3420 1963 3458 ne
2000 3403 2125 3472 quid
2159 3404 2400 3459 ulterius.
2441 3405 2509 3458 H.

1795 3507 1880 3562 vel
1920 3508 2032 3561 eius
2066 3507 2300 3563 utilitati.

1795 3610 2153 3679 periculosum
2186 3610 2340 3665 nobis
2375 3627 2494 3666 esse
2543 3613 2593 3676 (t
2611 3630 2688 3664 re-

1865 3700 2081 3749 centiore
2111 3714 2258 3748 manu
2293 3698 2534 3749 adiectum
2570 3702 2686 3762 ent).

1798 3799 1879 3854 vel
1916 3802 1961 3854 si
1994 3801 2163 3854 malis.
2212 3789 2219 3796 ⁸

1796 3919 2024 3957 mersum
2059 3904 2273 3960 videris.

1796 4020 1863 4059 ne
1900 4006 2186 4061 existimes.

1798 4125 1916 4179 VII.
1939 4125 2068 4180 Idus
2087 4127 2418 4182 Decembris.
2454 4125 2690 4196 (Car-uffa

1861 4214 2006 4280 quasi
2039 4229 2175 4262 suam
2211 4215 2536 4265 coniecturam
2560 4230 2688 4264 mar·

1862 4299 1970 4365 qim‘
2005 4298 2274 4368 adscripsit
2327 4300 2574 4351 lectionem
2610 4315 2686 4350 eo-

1863 4384 2037 4448 dicis.)

1792 4504 1881 4560 VI.
1920 4505 2048 4561 Idus
2081 4504 2412 4561 Decembris.

2285 4610 2319 4660 2
2335 4610 2366 4643 a·
