3371 5259
1448 606 1881 668 ...13—

528 771 832 840 editionis
878 793 1036 841 suae
1081 773 1528 858 adiungendas
1575 776 1845 856 curavit,
1890 779 2103 841 totam
2146 778 2366 841 autem
2408 777 2794 843 varietatem

523 907 891 970 proponere
936 886 1322 971 supersedit,
1370 888 1501 953 sive
1548 887 1726 971 quod
1767 909 1899 954 non
1944 889 2151 953 omnis
2198 887 2542 955 diversitas
2588 911 2628 954 a
2672 889 2793 954 Za—

526 998 750 1064 charia
791 1002 1025 1064 notata
1071 1005 1231 1081 erat,
1280 1000 1410 1067 sive
1449 999 1625 1084 quod
1665 1000 2132 1081 arbitrabatur,
2181 1021 2249 1066 se
2272 1002 2513 1068 nemini
2535 1006 2795 1086 gratum

522 1110 849 1177 facturum
894 1133 1055 1193 esse,
1104 1112 1159 1178 si
1203 1118 1415 1178 totam
1459 1113 1647 1196 quasi
1690 1134 1966 1179 messem
2013 1118 2367 1179 excuteret.
2495 1114 2571 1179 Id
2617 1119 2793 1180 certe

521 1227 729 1307 patet,
772 1244 982 1308 neque
1027 1224 1349 1291 Harduini
1415 1226 1804 1291 coniecturis
1870 1208 2081 1310 neque
2126 1226 2361 1292 Mansii
2405 1226 2792 1293 lectionibus

521 1336 733 1419 ipsam
777 1337 1108 1421 vulgatam
1174 1340 1621 1404 recensionem
1673 1343 1998 1409 mutatam
2055 1360 2217 1420 esse,
2288 1362 2432 1406 cum
2498 1346 2792 1424 uterque,

522 1448 830 1532 quicquid
859 1450 1010 1516 novi
1031 1449 1118 1515 ad
1138 1450 1512 1535 Registrum
1557 1451 2029 1517 emendandum
2074 1453 2317 1534 attulit,
2364 1474 2497 1519 non
2538 1454 2607 1518 in
2649 1453 2795 1536 ipsa

520 1560 721 1629 verba
759 1563 1100 1646 reciperet,
1148 1564 1265 1629 sed
1308 1565 1376 1631 in
1415 1565 1774 1650 marginem
1812 1565 2235 1631 reiiciendum
2280 1570 2562 1632 curaret.

689 2123 789 2189 Ex
818 2125 929 2206 iis,
977 2147 1143 2210 quae
1191 2125 1270 2191 de
1331 2127 1576 2211 origine
1634 2127 1918 2210 vulgaris
1983 2125 2380 2191 recensionis
2436 2125 2782 2209 disputavi,

519 2238 955 2320 consequitur,
1001 2242 1076 2303 ut
1119 2237 1320 2304 verba
1365 2240 1521 2319 eius,
1568 2260 1735 2323 quae
1779 2259 1980 2322 parvo
2007 2237 2373 2303 discrimine
2398 2238 2624 2304 eadem
2644 2238 2782 2303 sere

514 2347 583 2412 in
638 2349 935 2415 omnibus
1004 2350 1397 2434 editionibus
1450 2356 1868 2434 repetuntur,
1934 2371 2067 2416 non
2126 2372 2206 2415 ex
2275 2349 2545 2435 diversis
2596 2350 2781 2416 libris

513 2481 713 2533 manu
757 2463 1035 2546 scriptis,
1083 2464 1201 2529 sed
1245 2485 1324 2530 ex
1347 2485 1476 2529 uno
1516 2464 1739 2530 codice
1775 2462 2083 2529 tabularii
2109 2463 2411 2557 Vaticani
2454 2461 2780 2544 fluxerint,

515 2594 708 2658 quem
731 2595 930 2660 supra
950 2576 1229 2642 laudavi.
1286 2575 1511 2660 Neque
1545 2578 1757 2642 minus
1783 2581 2035 2643 certum
2080 2581 2201 2658 est,
2248 2597 2671 2662 quaecunque
2696 2575 2779 2642 ab

513 2686 639 2753 hoc
683 2686 904 2755 codice
948 2690 1280 2770 recedant,
1326 2694 1442 2755 aut
1480 2690 1828 2773 irrepsisse,
1864 2711 1982 2774 per
2020 2711 2308 2755 errorem
2346 2696 2462 2754 aut
2502 2690 2587 2755 ad
2610 2689 2783 2754 arbi-

514 2798 714 2865 trium
736 2801 1058 2868 editorum
1079 2807 1336 2867 mutata
1359 2823 1523 2868 esse.
1596 2801 1775 2879 Quae
1810 2824 1955 2867 cum
1998 2803 2094 2867 ita
2122 2803 2271 2883 sint,
2316 2802 2383 2867 id
2404 2803 2683 2886 primum
2706 2823 2784 2867 ac

513 2912 923 2995 potissimum
962 2914 1284 2999 agendum
1323 2915 1479 2980 mihi
1513 2914 1787 2996 videtur,
1834 2920 1908 2979 ut
1951 2895 2165 2996 lecti0,
2211 2916 2419 3000 qualis
2442 2936 2615 2980 nunc
2661 2917 2782 2995 est,

515 3023 600 3089 ab
646 3025 941 3092 omnibus
985 3028 1131 3108 illis,
1178 3049 1344 3112 quae
1388 3029 1491 3094 vel
1534 3049 1575 3093 a
1617 3029 1815 3093 nimia
1856 3028 2121 3094 licentia
2160 3029 2262 3094 vel
2305 3049 2346 3093 a
2390 3028 2785 3112 negligentia

517 3135 841 3203 editorum
882 3139 1179 3223 prosecta
1225 3146 1412 3224 sunt,
1482 3140 1737 3206 mendis
1783 3144 2174 3225 repurgetur
2231 3144 2299 3206 et
2360 3140 2445 3205 ad
2487 3161 2785 3207 normam

516 3248 775 3332 codicis,
823 3272 903 3317 ex
948 3274 1075 3337 quo
1119 3255 1265 3338 ipsa
1305 3255 1620 3337 originem
1665 3253 1869 3333 duxit,
1913 3275 2141 3318 rursus
2189 3253 2527 3338 dirigatur.
2617 3252 2785 3318 Nam

517 3383 908 3448 quamquam
951 3366 1191 3452 ambigi
1234 3368 1480 3453 nequit,
1526 3367 1683 3451 quin
1723 3388 1839 3432 suo
1885 3367 2026 3431 iure
2071 3366 2356 3432 editores
2401 3366 2642 3431 multos
2684 3365 2783 3431 lo-

517 3496 628 3541 cos
673 3477 741 3542 in
787 3478 1009 3544 codice
1051 3486 1395 3564 corruptos
1443 3467 1867 3560 correxerint,
1911 3478 1980 3544 id
2027 3483 2248 3544 tamen
2286 3500 2407 3563 pro
2447 3483 2779 3561 comperto

514 3586 887 3656 habendum
955 3595 1087 3674 est,
1155 3593 1531 3677 saepissime
1600 3612 1713 3658 eos
1758 3592 1950 3657 nullis
2012 3592 2156 3657 aliis
2204 3591 2285 3656 de
2330 3593 2543 3657 causis
2589 3613 2630 3656 a
2674 3612 2783 3676 ge-

515 3703 717 3769 nuina
759 3703 1038 3770 lectione
1082 3704 1439 3787 deflexisse,
1486 3706 1612 3770 nisi
1669 3704 1846 3790 quod
1906 3708 2021 3769 aut
2078 3704 2318 3769 codicis
2371 3704 2571 3770 verba
2613 3703 2782 3769 male

514 3815 808 3902 legerent
850 3822 967 3883 aut
1004 3816 1210 3901 probe
1255 3818 1428 3885 lecta
1468 3839 1702 3902 parum
1742 3817 2181 3901 intelligerent
2204 3821 2321 3882 aut
2342 3816 2781 3901 typographo-

515 3949 661 3995 rum
706 3929 1033 4004 erroribus
1080 3951 1175 4011 ea,
1223 3951 1353 4016 qua
1414 3952 1537 4016 par
1593 3936 1766 4013 erat,
1833 3929 2168 4014 vigilantia
2209 3929 2456 3995 mederi
2498 3930 2780 4013 neglige-

514 4047 682 4109 rent.
770 4042 1151 4128 Ubicunque
1196 4043 1357 4110 haec
1398 4044 1577 4110 sacta
1619 4045 1779 4124 sint,
1848 4044 2004 4126 quin
2049 4042 2289 4108 codicis
2331 4042 2527 4108 lectio
2571 4042 2639 4108 in
2681 4043 2780 4107 in-

515 4158 773 4241 tegrum
815 4156 1226 4223 restituenda
1270 4157 1384 4239 sit,
1451 4177 1640 4224 nemo
1681 4155 1978 4242 profecto
2026 4157 2182 4237 erit,
2250 4154 2362 4241 qui
2403 4156 2472 4221 in
2515 4154 2780 4221 dubium

472 4283 477 4294 ‘
515 4272 723 4335 vocet.

691 4380 928 4448 Omnes
975 4402 1128 4467 ergo
1173 4383 1374 4465 locos,
1421 4382 1654 4466 quibus
1700 4402 1844 4447 meo
1887 4380 2126 4447 iudicio
2174 4379 2413 4447 codicis
2457 4380 2651 4446 lectio
2675 4401 2779 4446 re-

516 4495 738 4563 vocari
776 4495 992 4579 debet,
1037 4496 1105 4562 in
1152 4517 1284 4571 eas,
1328 4516 1491 4583 quas
1537 4495 1801 4582 subieci,
1848 4493 2108 4562 tabulas
2151 4494 2365 4561 retuli.
2431 4494 2779 4562 Asteriscis
