3371 5259
1520 508 1952 575 -34—

610 686 1047 767 opportunum
1091 687 1210 765 est,
1255 683 1324 749 in
1365 682 1560 750 modo
1604 681 1915 749 insudare
1971 703 2054 748 ne
2100 681 2422 748 desinas.“
2535 682 2640 749 Sic
2683 676 2868 748 Vati-

609 816 830 861 canus.
872 794 1210 862 Editores:
1257 800 1370 876 „tu
1412 795 1606 863 modo
1641 796 1952 892 insudare
1976 816 2109 861 non
2133 795 2454 863 desinas.“
2525 795 2868 880 Corrigen-

607 908 761 973 dum
806 913 937 973 est:
985 912 1206 990 „omni
1245 909 1436 975 modo
1474 908 1783 975 insudare
1826 930 1909 975 ne
1956 908 2276 977 desinaS.“

776 1020 1024 1085 Eodem
1088 1025 1244 1086 Ζοσο.
1336 1021 1554 1103 „Haec
1596 1023 1776 1104 ideo,
1819 1021 2179 1103 karissime,
2224 1021 2345 1087 tibi
2388 1022 2869 1103 inculcavimus,

607 1135 760 1217 quia
801 1135 974 1199 inter
1017 1155 1204 1219 reges
1250 1140 1318 1201 te
1364 1134 1574 1202 solum
1617 1135 1949 1216 habemus,
1997 1156 2189 1219 quem
2231 1155 2390 1219 prae
2436 1133 2578 1199 aliis
2604 1134 2869 1219 diligere

607 1248 1055 1329 suprascripta
1108 1247 1492 1313 credimuS.“
1576 1249 1889 1314 Fortasse
1956 1246 2429 1313 emendandum
2493 1251 2595 1313 est
2608 1257 2630 1312 ε’
2666 1266 2871 1329 supra

602 1361 909 1440 scriptam
975 1362 1317 1425 ecclesiam.
1419 1359 1730 1427 Conferas
1796 1361 1957 1427 haec
2019 1360 2205 1427 initio
2272 1358 2561 1426 eiusdem
2628 1361 2869 1444 episto-

603 1470 736 1536 lae:
861 1470 1162 1556 „Absque
1234 1471 1438 1540 dubio
1520 1473 1843 1539 credimus
1909 1477 1978 1539 te
2045 1493 2126 1538 ex
2191 1473 2385 1539 corde
2460 1473 2656 1538 matri
2716 1478 2869 1538 tuae

606 1588 873 1648 sanctae
917 1583 1248 1649 Romanae
1295 1586 1606 1653 ecclesiae
1647 1585 2007 1652 adhaerere
2069 1606 2341 1669 eamque
2402 1587 2563 1651 totis
2607 1583 2869 1666 viribus,

602 1700 681 1761 ut
723 1694 943 1776 debes,
992 1695 1321 1779 diligere.“
2793 1784 2796 1785 ⁷

775 1808 847 1873 L.
891 1807 972 1873 II.
1017 1830 1114 1893 ep.
1164 1814 1243 1874 32
1294 1810 1404 1896 (M.
1459 1816 1580 1878 150
1624 1811 1756 1896 D.).
1832 1811 2101 1893 „Tantis
2148 1810 2515 1876 dilectionis
2561 1809 2868 1894 amplexi-

604 1919 726 1986 bus
773 1925 1070 1986 sanctam
1113 1921 1474 1988 Romanam
1518 1923 1860 1989 ecclesiam
1927 1928 1994 1989 et
2036 1944 2158 1989 nos
2204 1924 2304 1989 sui
2350 1922 2571 1989 debito
2617 1927 2685 1987 te
2728 1921 2870 1987 dili-

605 2054 757 2117 gere
822 2038 1158 2117 putamuS,
1222 2040 1412 2101 tanto
1480 2018 1846 2102 dilectionis
1900 2035 2154 2102 fervore
2207 2037 2277 2102 in
2333 2055 2451 2101 suo
2512 2039 2581 2100 et
2638 2037 2870 2100 nostro

604 2166 826 2212 amore
866 2128 938 2211 te
984 2146 1222 2213 debere
1265 2146 1534 2229 fervere,
1581 2153 1657 2213 ut
1700 2150 1969 2215 nimium
2007 2150 2094 2214 sit
2115 2147 2304 2214 nobis
2328 2147 2676 2228 haesitare,
2715 2148 2872 2232 quin

604 2258 1052 2342 apostolorum
1093 2242 1332 2342 limina,
1379 2262 1436 2326 si
1479 2261 1600 2327 tibi
1642 2262 1902 2347 integra
1945 2261 2211 2327 adesset
2244 2261 2523 2326 facultas
2557 2265 2625 2325 et
2644 2259 2869 2342 libera,

603 2372 966 2438 visitares.“
1086 2372 1215 2439 Pro
1279 2373 1625 2455 „nimium“
1670 2372 2058 2460 GregoriuS,
2126 2346 2251 2439 nisi
2289 2373 2512 2455 fallor,
2580 2374 2868 2457 scripsit:

603 2487 884 2550 minime.
1348 2480 1353 2485 ’

775 2597 848 2663 L.
894 2597 974 2663 H.
1023 2619 1120 2683 ep.
1167 2604 1249 2665 49
1300 2599 1412 2686 (Μ.
1465 2603 1585 2666 162
1634 2598 1755 2685 (3.).
1846 2597 2016 2680 „Sed
2062 2599 2216 2684 quia
2256 2619 2391 2666 non
2436 2603 2539 2666 est
2580 2598 2873 2683 pretiosa

604 2711 748 2777 laus
788 2732 1000 2795 neque
1047 2717 1279 2778 sancta
1324 2714 1537 2779 oratio
1595 2713 1726 2777 cito
1788 2712 2148 2797 impetrans
2212 2714 2282 2778 in
2332 2733 2443 2778 ore
2486 2711 2870 2797 peccatoris,

606 2825 789 2891 cuius
837 2829 939 2889 est
961 2825 1096 2890 vita
1138 2824 1487 2890 laudabilis
1533 2828 1603 2890 et
1625 2825 1799 2889 actio
1826 2826 2200 2907 saeculariS,
2245 2845 2428 2909 rog0,
2472 2829 2549 2891 ut
2594 2845 2724 2905 eos,
2762 2823 2874 2909 qui

603 2941 937 3002 merentur
980 2936 1190 3002 audiri
1230 2959 1350 3022 pro
1394 2937 1568 3004 vitae
1611 2938 1882 3019 meritis,
1949 2938 2244 3022 vigilanti
2282 2958 2441 3003 cura
2482 2937 2753 3021 rogiteS,
2797 2940 2875 3002 ut

604 3069 725 3135 pro
768 3071 871 3114 me
893 3049 1103 3115 Deum
1138 3055 1471 3116 exorent.“
1539 3049 1739 3131 Haec,
1785 3054 1862 3116 ut
1904 3052 1973 3116 in
1994 3050 2317 3119 Vaticano
2344 3051 2674 3135 leguntur,
2717 3049 2875 3116 ferri

605 3167 958 3249 nequeunt.
1045 3163 1270 3230 Adiice
1312 3167 1423 3227 vix
1462 3170 1617 3247 post
1659 3164 1895 3246 „vita“.

777 3274 850 3341 L.
872 3275 955 3341 II.
999 3296 1098 3360 ep.
1127 3282 1207 3344 50
1247 3277 1359 3363 (M.
1391 3281 1510 3343 163
1535 3277 1660 3363 B.).
1733 3275 2121 3358 „Caeterum
2161 3273 2337 3361 quod
2379 3296 2500 3342 nos
2546 3274 2628 3342 de
2674 3294 2875 3341 causa

606 3388 1044 3473 Aragonensis
1072 3390 1486 3474 episcopatus
1511 3394 1579 3456 et
1603 3381 1989 3455 consuluisti
2012 3394 2080 3455 et
2101 3391 2169 3454 te
2193 3388 2476 3473 quodam
2495 3387 2689 3455 modo
2712 3386 2876 3453 velle

608 3500 1002 3585 significasti,
1049 3502 1158 3566 diu
1205 3506 1272 3567 et
1314 3502 1590 3567 multum
1632 3502 1927 3568 volentes
1975 3506 2043 3567 et
2088 3522 2234 3568 cum
2270 3500 2420 3566 filiis
2454 3506 2722 3568 sanctae
2743 3499 2874 3566 Ro-

605 3634 836 3679 manae
881 3614 1192 3680 ecclesiae
1214 3620 1719 3699 pertractantes,
1765 3616 2194 3699 incongruum
2233 3613 2375 3680 fore
2419 3613 2874 3698 pervidimus.“

607 3725 773 3809 „Diu
815 3732 881 3791 et
919 3727 1192 3793 multum
1227 3731 1584 3791 υοῖυεηιέειι
1627 3728 2045 3794 scribendum
2085 3747 2247 3809 esse,
2293 3747 2482 3793 nemo
2522 3748 2656 3793 non
2676 3725 2871 3793 videt.

776 3839 849 3904 L.
889 3840 971 3905 Π.
1018 3861 1117 3924 ep.
1161 3845 1242 3905 54
1291 3841 1401 3927 (M.
1453 3845 1574 3905 167
1621 3839 1719 3927 C.)
1784 3841 2030 3922 „Quem
2074 3841 2227 3906 olim
2272 3842 2446 3907 omni
2493 3838 2701 3905 officio
2739 3838 2872 3923 pri-

605 3956 842 4032 vatum,
888 3951 1150 4017 reddita
1190 3951 1313 4018 sibi
1359 3953 1500 4019 sola
1545 3954 1997 4019 communione
2043 3953 2375 4035 ecclesiae,
2420 3951 2642 4017 multis
2679 3951 2872 4017 minis

605 4084 683 4130 ac
725 4063 1031 4148 precibus
1080 4066 1435 4130 contestati
1480 4086 1736 4147 sumus,
1805 4071 1883 4131 ut
1925 4070 2314 4150 procuraret
2355 4063 2599 4130 habere
2642 4083 2874 4148 pacem

604 4175 954 4257 vobiscum,
999 4176 1274 4243 redditis
1330 4182 1398 4243 et
1442 4178 1768 4245 restitutis
1785 4227 1803 4259 ,
1867 4199 2035 4263 quae
2081 4178 2465 4257 abstulerat,
2514 4198 2660 4242 cum
2702 4195 2877 4260 aqua

602 4289 966 4356 monisterii
1014 4289 1192 4376 (sies)
1243 4294 1312 4355 et
1354 4310 1537 4375 spem
1578 4292 1846 4357 maioris
1892 4289 2189 4357 beneficii
2232 4290 2546 4370 dedimus,
2594 4289 2651 4355 si
2692 4308 2874 4355 man-

605 4402 765 4471 data
807 4406 1159 4469 servaret.“
1264 4401 1511 4472 Locum
1564 4403 1756 4473 valde
1812 4408 2197 4487 corruptum
2234 4401 2613 4469 Harduinus
2658 4422 2872 4469 emen·
