3371 5259
1542 594 1971 655 ...14-

618 760 841 826 notavi
881 760 1214 842 lectiones,
1261 780 1426 844 quae
1467 762 1534 826 in
1577 748 1870 828 Caraffae
1917 762 2200 828 editione
2247 766 2391 829 cum
2413 740 2658 830 ‘codice
2693 763 2878 831 Vati-

620 866 782 938 cano
831 874 1236 953 conveniunt,
1282 873 1505 939 littera
1548 875 1630 937 H
1647 874 1968 940 Harduini
2013 876 2421 941 coniecturas
2464 876 2607 961 ipso
2655 877 2876 944 codice

620 980 1053 1051 confirmatas.
1139 984 1571 1070 Quaecunque
1618 988 1702 1052 ad
1748 989 1952 1053 solam
2019 989 2552 1072 orthographiam
2620 994 2876 1074 specta-

615 1097 780 1163 bant
805 1100 871 1183 ¹),
917 1103 1032 1163 aut
1064 1120 1195 1163 non
1218 1100 1389 1163 tanti
1409 1098 1814 1181 videbantur,
1859 1104 1937 1164 ut
1980 1100 2065 1165 ad
2108 1123 2246 1166 rem
2289 1101 2641 1187 quidquam
2665 1101 2875 1168 effice-

615 1215 765 1275 rent
783 1212 858 1293 ²),
904 1211 1028 1287 hoc
1073 1211 1216 1275 loco
1253 1212 1841 1294 praetermittenda
1886 1212 2276 1297 arbitrabar.
2347 1214 2523 1292 Quae
2568 1216 2635 1280 in
2681 1202 2896 1280 Muti-'

616 1325 819 1407 nensi·
846 1323 1066 1389 codice
1123 1346 1266 1389 cum
1311 1324 1633 1390 Vaticano
1678 1326 2051 1407 concinant,
2122 1326 2462 1412 designare
2519 1328 2897 1411 supersedi,-

616 1458 762 1502 cum
804 1457 883 1502 ex
925 1437 1070 1521 ipsa
1115 1437 1399 1503 editione
1444 1436 1787 1503 Mansiana
1826 1437 2124 1505 facillime
2166 1441 2449 1524 perspici
2490 1441 2766 1524 possint.

649 1731 879 1773 Editionis

641 1800 898 1842 Mansianae
1363 1784 1518 1825 Lessffio
2352 1788 2506 1828 Lectio

699 1871 844 1911 loeus·
1339 1855 1550 1906 vulgaris.
2214 1858 2386 1898 codicis
2413 1857 2640 1901 Vaticani.

648 1956 732 2009 61.
771 1958 878 2096 1⁴2}
993 1958 1088 2012 XI.
1123 1957 1394 2012 Kalendas
1429 1957 1580 2011 Maii.
1979 1956 2127 2011 VIII.
2178 1958 2446 2015 Kalendas
2482 1961 2632 2016 Maii.
2721 1961 2873 2028 (Car.

647 2042 730 2096 62.
769 2044 832 2095 Β.
1941 2088 1944 2091 .
2048 2043 2147 2098 ΙΧ.
2185 2044 2339 2111 Καί.)

646 2148 730 2199 62.
769 2148 832 2201 Ε.
993 2153 1167 2201 totum
1200 2149 1256 2201 in
1289 2154 1469 2216 portu.
1978 2154 2155 2202 tutum
2186 2149 2243 2202 in
2276 2156 2454 2219 portu.
2525 2150 2592 2202 H.

645 2251 729 2302 63.
766 2250 828 2304 Β.
989 2251 1431 2329 τεςί-Βαηοωω.
1981 2251 2141 2305 Svein
2174 2253 2292 2321 regi
2326 2253 2615 2308 Danorum.

647 2353 832 2406 63.’Β.
989 2354 1238 2422 inceptis.
1976 2353 2033 2406 in
2068 2356 2313 2410 caeteriS.

646 2459 728 2512 64.
766 2459 828 2511 B.
990 2465 1295 2513 nostrorum
1369 2459 1581 2514 nomine
1640 2460 1890 2515 iudicavi·
1976 2464 2279 2513 nostrorum
2315 2461 2580 2516 neminem
2623 2462 2896 2518 iudicavi-'

1059 2561 1195 2599 mus.
2044 2561 2180 2600 mus.
2250 2546 2317 2597 H.

651 2650 733 2700 65.
770 2650 837 2706 D.
993 2641 1232 2705 caritatis
1267 2649 1481 2705 affectu.
1981 2651 2221 2706 caritatis
2255 2652 2436 2708 affatu.

651 2755 736 2805 67.
775 2753 836 2807 Β.
992 2760 1176 2808 nostra
1202 2754 1398 2809 salute.
1590 2823 1591 2828 η
1907 2802 1909 2815 l
1979 2752 2084 2807 *de
2119 2761 2305 2808 nostra
2340 2755 2531 2811 salute.

651 2858 734 2912 69.
768 2859 831 2911 Β.
994 2857 1317 2912 carissimae.
1976 2856 2317 2912 clarissimae.

650 2962 734 3013 69.
773 2961 831 3017 Β.
993 2960 1140 3015 VIII.
1175 2962 1446 3017 Kalendas
1479 2961 1635 3016 Iunii.
1917 2979 1924 2986 ·
1977 2959 2125 3029 VIII.
2164 2961 2285 3048 Kal.
2322 2961 2463 3016 Iulii.

649 3068 732 3118 71.
773 3066 831 3119 C.
990 3066 1047 3119 in
1081 3066 1475 3135 Longobardia.
1974 3065 2202 3119 maxime
2246 3066 2303 3119 in
2337 3066 2732 3135 Longobardia.

651 3170 734 3220 73.
773 3170 832 3224 C.
987 3169 1212 3224 inveniri
1246 3171 1438 3238 possit.
1971 3167 2194 3222 inveniri
2230 3185 2340 3223 non
2372 3172 2563 3239 possit.

575 3254 579 3258 ’
648 3277 733 3326 74.
769 3278 837 3327 A.
991 3274 1220 3328 Larmir.
1467 3293 1470 3296 ι
1974 3271 2180 3326 Iarmir.

578 3353 581 3356 Α
648 3380 730 3430 75.
772 3382 839 3431 A.
987 3379 1360 3447 patrocinium.
1972 3376 2219 3445 primum.

648 3484 731 3537 76.
769 3487 834 3536 A.
862 3484 920 3539 B.
960 3450 964 3454 -
998 3482 1119 3535 Vide
1154 3500 1308 3550 supra
1333 3501 1390 3551 p.
1430 3484 1476 3534 8.
1514 3482 1563 3535 9.

647 3814 704 3880 1)
740 3811 897 3867 Ratio
957 3809 1220 3866 scribendi
1273 3812 1330 3866 in
1373 3810 1552 3866 codice
1605 3790 1841 3865 adhibita
1882 3808 2067 3865 eadem
2116 3818 2224 3881 est,
2283 3826 2417 3879 quae
2473 3811 2619 3865 circa
2676 3825 2870 3865 annum

751 3909 887 3959 1100
922 3907 1179 3962 communi
1212 3908 1268 3961 in
1301 3923 1402 3961 usu
1439 3912 1577 3977 erat,
1632 3922 1805 3974 neque
1842 3906 2124 3975 quidquam
2166 3905 2280 3961 fere
2317 3906 2584 3985 singulare
2620 3906 2869 3961 occurrit.

690 4010 697 4014 ’
746 4002 906 4058 Locis
951 4003 1124 4057 allatis
1181 4002 1617 4071 orthographiam
1672 4000 1869 4056 codicis
1925 4001 2263 4071 retinuimuS,
2306 4009 2686 4070 praeterquam
2728 4000 2869 4070 quod

745 4114 811 4154 ae
845 4100 1117 4167 posuimus
1149 4112 1250 4166 pro
1287 4114 1317 4153 e
1353 4114 1474 4152 cum
1508 4097 1714 4166 virgula
1747 4097 2005 4152 subiecta.

645 4220 705 4287 2)
744 4219 1067 4275 Conversum
1116 4219 1399 4274 verborum
1458 4218 1698 4273 ordinem
1741 4218 2053 4287 plerumque
2101 4217 2356 4274 adnotare
2407 4217 2689 4275 noluimus.
2758 4218 2866 4274 Ne-

746 4331 848 4384 que
906 4332 1102 4384 operae
1159 4316 1393 4384 pretium
1453 4313 1732 4369 videbatur
1788 4312 2020 4384 referre,
2079 4314 2323 4382 quotiens
2368 4313 2691 4377 „Dominus“
2748 4330 2867 4369 cum

747 4410 978 4481 „Deus“‚
1017 4411 1135 4475 „et“
1180 4428 1300 4466 cum
1335 4409 1460 4482 „ac“
1503 4408 1590 4465 vel
1635 4407 1892 4479 „atque“‚
1939 4424 2058 4465 cum
2101 4408 2217 4463 aliis
2261 4409 2367 4465 alia
2409 4407 2615 4466 leviora
2656 4425 2869 4479 permu-

745 4513 862 4564 tata
893 4515 1089 4565 essent.

540 4701 673 4784 Ἄ

1484 4643 1579 4704 Ἣ
