3371 5259
498 756 723 796 Editionis

489 825 745 866 Mansianae

550 897 690 936 loeus.

465 981 583 1031 291.
620 982 682 1034 C.

465 1086 580 1136 292.
616 1085 675 1139 Β.

463 1191 582 1241 292.
622 1192 687 1240 D.

464 1294 581 1345 292.
622 1297 683 1347 Ε.

464 1397 581 1449 292.
618 1400 676 1450 Ε.

464 1502 586 1551 294.
621 1502 676 1552 C.

465 1692 581 1742 295.
621 1692 678 1745 C.

463 1796 577 1847 295.
618 1799 679 1848 Ε.

462 1899 580 1950 296.
618 1899 686 1951 D.

463 2005 579 2057 296.
615 2008 685 2057 D.

463 2108 580 2162 296.
619 2110 680 2160 Ε.

464 2213 579 2264 298.
620 2214 685 2267 A.

464 2317 579 2368 299.
619 2320 680 2369 Ε.

462 2423 582 2472 301.
616 2425 681 2476 A.

461 2527 579 2579 301.
619 2528 679 2577 C.

462 2632 579 2682 301.
613 2631 678 2681 Ε.

461 2725 676 2789 30⁶2.‘B.

463 2841 580 2892 303.
617 2845 684 2893 Α.

461 3031 577 3081 303.
624 3029 680 3084 Β.

461 3132 578 3182 303.
619 3134 679 3185 C.

460 3235 579 3288 303.
616 3238 684 3289 D.

462 3428 578 3480 305.
619 3428 679 3478 C.

459 3532 576 3584 306.
616 3533 677 3583 C.

459 3635 577 3685 306.
617 3637 679 3687 C.

458 3757 576 3806 308.
616 3759 678 3809 A.

457 4050 576 4102 309.
613 4052 680 4101 A.

1381 565 1813 645 —25'—

1210 806 1363 846 Lectio

1144 930 1151 939 .
1188 876 1397 926 vulgaris.

839 995 1131 1050 monemus,
1165 982 1218 1033 in
1252 980 1335 1034 his
1372 979 1576 1035 studiis·

841 1094 894 1142 et
928 1086 1067 1140 istae
1105 1086 1266 1139 etiam
1303 1085 1528 1138 virtutes

839 1190 1072 1244 caeleste
1107 1188 1447 1257 perduceret,
1483 1188 1640 1242 venit.

840 1311 1088 1349 coronam
1123 1292 1538 1361 incorruptibilis
1568 1293 1733 1359 regni.

838 1400 1088 1453 uberiora
1124 1413 1252 1466 erga
1285 1412 1397 1449 vos.

837 1503 904 1556 V.
942 1503 1079 1556 Non.
1126 1499 1456 1555 Novembris.

840 1678 930 1748 ubi
961 1709 1080 1748 cum
1116 1693 1249 1747 aliis.

842 1797 986 1851 VIII.
1025 1797 1142 1850 Kal.
1184 1795 1514 1849 Decembris.

838 1907 1165 1969 potestatem
1200 1899 1480 1967 acceperit.

838 2005 907 2059 ad
942 2020 1188 2059 occasum
1223 2002 1354 2057 furti
1388 2003 1623 2057 festinet.

839 2110 955 2163 Deo
991 2108 1361 2177 propitiatore.

837 2226 936 2282 pro
973 2218 1028 2266 te
1064 2214 1360 2267 laborante.

836 2335 957 2373 cum
990 2298 1309 2386 tyrannum.-

837 2439 1002 2493 super
1036 2421 1336 2477 canonicos.

838 2527 1132 2597 apostolica
1166 2523 1525 2580 interdictum.

836 2633 1189 2702 praelibatum
1223 2631 1548 2698 episcopum.

838 2735 1090 2790 Kalendis
1127 2735 1351 2803 Aprilis.

837 2839 1182 2908 Bituricensi,
1229 2854 1331 2892 nec
1375 2852 1481 2891 non
1525 2835 1729 2890 Narbo-

904 2942 1072 2980 nens1.

836 3028 1094 3085 fidelitate
1133 3036 1186 3084 et
1223 3027 1469 3082 dominio.

837 3134 1211 3188 Maurzicense
1249 3148 1368 3185 cum
1405 3131 1660 3186 omnibus.

837 3238 1221 3292 Monasterium
1315 3235 1523 3304 quidem
1613 3235 1734 3288 Via-

908 3341 1083 3380 oense.

839 3431 991 3498 lepra
1024 3436 1267 3498 puratos.

838 3549 870 3587 a
903 3533 1147 3601 pessimis
1183 3534 1312 3587 suis.

836 3637 1026 3690 timore
1065 3635 1352 3691 convictus.

835 3757 1128 3826 disciplinis
1177 3759 1496 3825 regulariter
1539 3758 1735 3811 instru-

905 3860 1011 3912 ere,
1046 3859 1222 3897 mores
1260 3860 1442 3898 eorum
1461 3844 1729 3911 vitamque

904 3937 1274 3998 competenter
1304 3930 1632 3985 instruendo.

834 4053 956 4121 Qua
988 4059 1169 4107 tamen
1202 4052 1515 4106 maioritatis
1552 4059 1607 4106 et
1633 4052 1728 4105 mi·

902 4139 1147 4193 noritatis
1223 4138 1474 4194 distantia
1540 4139 1728 4207 religio

903 4224 981 4278 sic
1051 4241 1111 4279 se
1175 4230 1353 4279 movet
1426 4224 1731 4293 christiana,

901 4317 962 4364 ut
1020 4327 1150 4365 cura
1221 4317 1278 4365 et
1331 4311 1729 4381 dispensatione

901 4397 1229 4466 apostolicae
1289 4397 1559 4467 dignitatis
1606 4404 1733 4467 post

868 4506 874 4513 ·
900 4483 1074 4538 Deum
1109 4485 1437 4554 gubernetur
1469 4485 1637 4555 regia.

2195 806 2347 847 Lectio

2066 878 2233 916 codicis
2262 877 2445 916 vatican
2455 877 2492 922 i.

1819 995 2110 1049 monemuS,
2127 987 2187 1033 ut
2221 980 2277 1033 in
2299 980 2384 1034 his
2407 978 2613 1033 studiis.
2651 978 2717 1029 H.

1822 1090 1876 1139 et
1913 1085 2065 1152 ipsae
2102 1085 2262 1138 etiam
2294 1085 2538 1138 virtuteS.

1793 1190 2100 1243 ‘*caeleste
2135 1187 2442 1255 reduceret,
2476 1187 2637 1240 venit.

1821 1309 2071 1347 coronam
2090 1291 2520 1359 incomparabilis
2549 1291 2718 1358 regni.

1821 1397 2110 1451 *uberiora
2145 1397 2261 1450 eius
2296 1410 2427 1463 erga
2461 1409 2570 1448 vos.

1822 1500 1913 1554 IV.
1985 1500 2122 1554 Non.
2176 1499 2491 1554 Novembris
2564 1497 2715 1563 (Cod.

1893 1587 2018 1637 Μαι.
2058 1587 2154 1640 ΙΠ.
2183 1587 2327 1640 Non.
2367 1586 2536 1652 Nov.)

1822 1691 1913 1745 ubi
1948 1707 2069 1745 cum
2104 1691 2170 1745 de
2204 1690 2368 1771 aliis.-

1821 1794 1940 1849 VII.
1980 1795 2100 1848 Kal.
2137 1794 2463 1849 Decembris-

1821 1905 2144 1969 potestatem
2180 1898 2464 1967 accipiunt.

1822 2003 1892 2057 ad
1916 2019 2160 2057 occasum
2176 2002 2358 2057 furtim
2376 2002 2612 2057 festinet.
2653 2002 2720 2053 H.

1821 2108 1939 2163 Deo
1974 2108 2321 2176 propitiante.

1821 2227 1919 2280 pro
1953 2218 2010 2266 te
2044 2211 2366 2265 laborantes.

1822 2331 1941 2370 cum
1974 2320 2036 2369 ut
2069 2323 2368 2384 tyrannum.

1820 2437 1983 2490 super
2019 2421 2422 2475 concanonicos.

1820 2524 2121 2592 apostolica
2153 2524 2250 2579 tibi
2284 2523 2647 2578 interdictum·

1821 2629 2207 2708 supralibatum
2244 2629 2567 2698 episcopum.

1819 2734 1913 2787 IX.
1951 2733 2075 2787 Kal.
2117 2733 2330 2802 Aprilis.

1820 2838 2139 2893 Bituricensi
2153 2880 2166 2906 ,
2201 2835 2551 2891 Narbonensi.

1821 3028 2080 3084 fidelitate
2119 3037 2172 3084 et
2206 3029 2455 3082 hominio.

1821 3133 2221 3187 Maurciazense
2259 3149 2377 3186 cum
2414 3130 2671 3186 omnibus.

1821 3237 2211 3291 Monasterium
2280 3236 2490 3304 quidem
2556 3236 2717 3289 Vian-

1890 3340 2069 3378 oense.

1819 3429 1972 3497 lepra
2009 3435 2241 3483 curatos.

1820 3535 1892 3585 *a
1927 3533 2170 3601 pessimis
2203 3531 2324 3587 filiis
2359 3533 2486 3587 suis.

1821 3636 2009 3691 timore
2047 3636 2336 3714 devinctus,

1820 3757 2108 3825 disciplinis
2127 3758 2462 3827 regularibus
2486 3759 2713 3814 instrue-

1885 3861 1962 3913 re,
1993 3853 2172 3899 'mores
2221 3862 2404 3899 eorum
2448 3846 2713 3913 vitamque

1884 3939 2253 3999 competenter
2286 3932 2635 3988 instituendo.

1814 4052 1999 4120 *Quas
2058 4060 2240 4109 tamen
2294 4056 2613 4111 maioritatis
2661 4061 2716 4111 et

1883 4141 2199 4196 minoritatis
2233 4143 2484 4197 distantia
2527 4142 2713 4212 religio

1884 4226 1960 4280 sic
2002 4235 2240 4283 semovet
2283 4229 2596 4298 christiana,
2654 4235 2715 4284 ut

1887 4330 2015 4369 cura
2050 4323 2106 4368 et
2139 4314 2537 4384 dispensatione
2587 4332 2715 4384 apo·

1887 4401 2078 4455 stolica
2114 4398 2343 4470 dignitas
2379 4408 2504 4471 post
2537 4402 2731 4471 Deum*

1887 4487 2216 4554 gubernetur
2249 4490 2415 4558 regia.
2455 4490 2713 4557 („aposto-
