3371 5259
1580 492 2012 554 -44—

656 658 800 726 luce
845 660 1083 727 clarius
1129 665 1423 746 apparet,
1470 660 1789 742 codicem,
1851 682 1981 746 quo
2024 661 2133 727 ille
2175 660 2506 744 utebatur,
2551 661 2710 728 nihil
2743 660 2919 728 aliud

657 772 857 838 fuisse
925 796 1121 857 quam
1188 775 1493 840 vitiosum
1546 774 1994 858 apographum
2054 774 2566 840 clarevallensis.
2687 774 2920 859 Itaque

656 885 1110 967 Mutinensem,
1148 888 1259 970 qui
1282 891 1436 952 ante
1460 887 1790 952 saeculum
1812 887 1981 952 XVI.
2029 887 2362 953 confectus
2408 909 2540 953 non
2582 890 2702 967 est,
2749 887 2920 952 tanti

657 1000 1003 1064 aestimare
1039 1020 1171 1064 non
1196 1021 1481 1083 possum,
1524 1001 1755 1083 quanti
1789 992 2079 1065 Mansius
2121 1000 2303 1081 fecit3
2343 1001 2732 1084 praesertim
2775 1021 2921 1065 cum

658 1113 1052 1195 comparatis
1107 1111 1496 1178 lectionibus
1565 1113 1703 1178 eius
1771 1135 1917 1178 cum
1959 1112 2294 1179 Vaticanis
2353 1113 2921 1198 persuasissimum

654 1223 950 1305 habeam,
996 1229 1063 1289 et
1105 1226 1318 1308 ipsum
1363 1224 1938 1307 clarevallensem,
2006 1247 2199 1310 quem
2243 1225 2607 1311 descripsit,
2654 1246 2735 1292 ex
2789 1223 2917 1289 Va·

654 1338 874 1403 ticano
946 1339 1260 1422 originem
1320 1338 1576 1403 ducere.
1683 1337 2116 1416 Quamobrem
2179 1360 2261 1404 ne
2327 1360 2408 1404 ex
2470 1338 2596 1404 hoc
2660 1336 2921 1421 quidem

656 1472 960 1534 magnum
995 1450 1278 1516 fructum
1303 1450 1387 1516 ad
1412 1452 1784 1534 Registrum
1808 1452 2281 1517 emendandum
2305 1455 2659 1535 expectem.
2707 1448 2922 1515 Tanta

656 1568 877 1629 autem
922 1565 1316 1648 antiquitate
1363 1563 1859 1632 Clarevallensis
1896 1565 2155 1630 excellit
2188 1602 2268 1613 —-
2301 1565 2434 1630 iam
2477 1563 2735 1629 saeculo
2777 1560 2916 1628 XII.

659 1681 970 1749 exaratus
1016 1698 1160 1742 esse
1206 1676 1445 1743 dicitur
1497 1714 1622 1757 —5
1691 1681 1767 1742 ut
1810 1699 2049 1762 magna
2090 1699 2193 1744 me
2238 1677 2597 1762 cupiditate
2640 1673 2918 1759 flagrare

657 1789 974 1856 confitear
1019 1790 1302 1856 certiora
1347 1789 1784 1873 cognoscendi
1848 1789 1929 1856 de
1976 1792 2114 1856 eius
2158 1788 2388 1856 habitu
2435 1793 2502 1855 et
2545 1787 2917 1854 conditione

652 1923 864 1987 neque
910 1904 1160 1987 gratius
1200 1902 1358 1968 mihi
1400 1901 1542 1967 fieri
1584 1924 1801 1986 posse,
1849 1924 2043 1987 quam
2085 1904 2141 1968 si
2181 1904 2328 1986 ‘quis
2375 1923 2454 1966 ex
2478 1902 2631 1967 viris
2673 1900 2916 1966 doctis-

654 2017 851 2097 simis,
898 2015 1132 2100 quibus
1176 2015 1383 2081 facilis
1430 2015 1648 2081 aditus
1695 2014 2127 2083 bibliothecae
2159 2014 2499 2080 Trecensis
2520 2016 2767 2097 pateat,
2811 2033 2916 2078 me

654 2127 734 2193 de
780 2128 880 2193 his
925 2126 1124 2195 rebus
1170 2129 1516 2194 certiorem
1554 2127 1771 2193 facere
1817 2128 2111 2195 voluerit.
2200 2127 2425 2212 Neque
2469 2147 2624 2192 vero
2668 2127 2738 2191 in
2776 2125 2919 2190 Mu-

654 2242 895 2307 tinensi
957 2262 1169 2326 neque
1226 2233 1323 2306 in'
1361 2240 1505 2307 aliis
1571 2241 1903 2308 codicibus
1954 2242 2336 2307 recentioris
2394 2239 2633 2307 aetatis
2676 2259 2916 2304 moror.

654 2354 1049 2421 Persuasum
1084 2355 1255 2419 enim
1295 2355 1453 2420 mihi
1499 2360 1619 2435 est,
1666 2375 1933 2438 operam
1958 2359 2023 2419 et
2066 2354 2275 2419 oleum
2300 2353 2597 2438 perdere,
2643 2353 2776 2437 qui,
2797 2350 2918 2417 hos

654 2467 858 2534 libros
905 2469 1275 2535 accuratius
1318 2468 1724 2551 perscrutari
1769 2468 2093 2547 statuerit,
2140 2488 2284 2531 cum
2317 2488 2587 2551 parvam
2631 2465 2733 2532 vel
2774 2465 2919 2530 nul-

649 2581 783 2647 lam
818 2582 1175 2648 utilitatem
1220 2579 1452 2649 afferre
1495 2582 1756 2667 possint
1792 2579 1878 2647 ad
1912 2579 2112 2654 verba
2157 2577 2454 2665 Gregorii
2488 2577 2915 2646 restituenda.

596 2893 605 2898 „
825 2809 1060 2874 Restat
1104 2807 1381 2891 denique
1425 2807 1603 2873 aliud
1668 2828 1872 2892 genus
1924 2804 2264 2891 praesidii,
2321 2806 2497 2890 quod
2541 2827 2674 2872 non
2713 2805 2917 2890 negli-

655 2921 934 3005 gendum
977 2921 1266 3001 videtur,
1313 2922 1605 3004 quamvis
1643 2924 1835 2987 caute
1881 2918 2303 2985 adhibeamus
2350 2923 2674 3004 oporteat.
2779 2919 2920 2984 Iam

655 3034 822 3099 enim
869 3026 1142 3099 saeculo
1174 3033 1284 3098 XI.
1334 3037 1613 3098 exeunte
1658 3037 1727 3098 et
1771 3030 2320 3116 subsequentibus
2364 3029 2767 3115 temporibus
2792 3030 2916 3096 Re·

653 3148 928 3230 gistrum
974 3144 1338 3211 adhibitum
1383 3151 1484 3210 est
1530 3168 1570 3211 a
1614 3144 2051 3229 scriptoribus
2086 3143 2495 3229 quibusdam,
2544 3145 2656 3229 qui
2694 3143 2916 3220 melio·

652 3257 832 3324 ribus
881 3259 1209 3341 exempIiS,
1248 3281 1442 3343 quam
1466 3279 1634 3343 quae
1678 3280 1853 3323 nunc
1895 3257 2229 3339 habemus,
2277 3258 2380 3323 usi
2425 3279 2569 3324 esse
2592 3256 2913 3323 videntur.

652 3370 752 3436 Ex
777 3392 853 3436 eo
877 3392 1145 3437 numero
1172 3376 1274 3437 est
1295 3370 1658 3436 Deusdedit
1681 3370 2030 3436 cardinalis
2054 3369 2402 3452 Romanus,
2446 3371 2559 3455 qui
2598 3369 2685 3436 ad
2722 3353 2915 3436 colle-

653 3484 934 3549 ctionem
979 3505 1301 3550 canonum
1325 3483 1793 3551 conficiendam
1814 3483 1992 3549 haud
2031 3505 2184 3550 raro
2210 3477 2647 3567 Gregorianas
2673 3483 2916 3567 episto-

650 3596 749 3661 las
795 3596 975 3678 adiit,
1022 3601 1125 3662 est
1147 3596 1337 3681 Hugo
1360 3597 1884 3676 Flaviniacensis,
1931 3598 2044 3681 qui
2079 3598 2149 3663 in
2194 3597 2497 3663 chronico
2525 3595 2918 3662 Virdunensi

651 3709 930 3792 plurima
975 3731 1055 3775 ex
1098 3710 1401 3795 Registro
1448 3709 1534 3775 ad
1576 3711 1866 3775 litteram
1914 3709 2289 3795 descripsit,
2356 3715 2460 3776 est
2525 3709 2637 3793 qui
2678 3707 2917 3775 librum

651 3821 1089 3905 pontificalem
1134 3825 1538 3890 continuavit
1584 3822 1998 3909 (Pandulfus)
2019 3874 2034 3905 ,
2079 3828 2220 3888 tum
2260 3823 2549 3903 UlricuS,
2597 3821 2915 3906 composi·
3035 3837 3036 3840 ’

650 3938 760 4000 tor
805 3934 1045 4001 codicis
1091 3937 1460 4020 epistolaris
1484 3935 2002 4021 Bambergensis,
2041 3936 2280 4002 Paulus
2306 3935 2585 4020 denique
2611 3935 2915 4000 Bernrie-

655 4046 893 4128 (1011515,
945 4049 1056 4133 qui
1096 4050 1445 4133 praecipue
1490 4031 1866 4133 Registrum
1902 4053 2169 4115 secutus
2213 4048 2715 4114 commentarios
2761 4067 2915 4113 51105

656 4161 737 4227 de
760 4161 957 4227 rebus
1000 4163 1200 4246 gestis
1226 4162 1522 4247 Gregorii
1544 4163 1680 4227 VH.
1729 4163 2011 4246 scripsit.
2101 4161 2393 4245 Hugonis
2438 4161 2792 4226 chronicon
2835 4180 2916 4224 ex

657 4275 1063 4358 autographo
1110 4274 1404 4340 Pertzius
1442 4296 1693 4340 summa
1739 4296 1898 4340 cura
1942 4274 2147 4340 edidit
2193 4274 2389 4359 (Mon.
2416 4272 2629 4340 Germ.
2678 4272 2912 4356 Script.

657 4384 826 4456 VIII.
869 4410 935 4472 p.
980 4391 1105 4453 288
1130 4424 1215 4435 -—
1241 4390 1424 4473 502);
1493 4393 1862 4454 ceterorum
1908 4408 2204 4471 operum,
2273 4407 2438 4470 quae
2491 4384 2915 4466 laudavimuS,
