3371 5259
1497 531 1929 593 -10-

577 700 930 784 quidquam
970 700 1038 765 in
1081 698 1182 766 his
1226 698 1440 765 verbis
1486 702 1606 782 est,
1655 698 1829 782 quod
1874 698 2245 783 scrupulum
2279 697 2544 764 iniiciat.
2599 697 2842 763 Errore

576 834 728 879 vero
776 812 1167 897 typographi
1209 810 1410 878 verba
1454 833 1495 877 a
1538 811 2091 894 „concludantur“
2134 832 2340 896 usque
2386 810 2471 876 ad
2515 809 2844 895 „gentium

577 929 722 1006 et“,-
761 945 927 1008 quae
981 926 1259 1008 primum
1281 950 1289 969 ν
1315 945 1572 990 versum
1628 925 1906 1009 paginae
1968 929 2082 989 621
2147 923 2401 991 efficere
2458 923 2842 1003 debuerunt,

572 1038 697 1103 hoc
739 1037 885 1104 loco
935 1037 1316 1103 exciderunt
1334 1043 1532 1122 atque
1578 1037 1663 1103 ad
1706 1037 1948 1102 calcem
1991 1037 2267 1121 paginae
2294 1041 2415 1102 622
2453 1035 2733 1103 mediam
2774 1035 2842 1100 in

577 1150 1082 1235 subsequentem
1149 1151 1493 1235 epistolam
1548 1151 1799 1215 inserta
1864 1155 2034 1216 sunt.
2149 1149 2287 1226 Quo
2356 1129 2576 1215 errore
2634 1151 2700 1212 et
2738 1147 2843 1212 hic

573 1285 811 1329 nexum
855 1284 1077 1330 rerum
1122 1264 1567 1348 orationisque
1590 1263 1874 1329 omnino
1918 1261 2377 1346 perturbatum
2423 1282 2597 1342 esse,
2652 1278 2842 1326 nemo
2935 1256 2941 1263 ’

573 1397 705 1442 non
746 1375 943 1443 videt.
2517 1376 2520 1379 “

746 1489 955 1554 Aliter
998 1489 1235 1554 tertius
1278 1488 1481 1568 locuS,
1529 1489 1640 1573 qui
1687 1487 1772 1553 ad
1795 1467 2279 1579 celeberrimam
2305 1507 2568 1552 causam
2601 1486 2843 1552 Beren-

576 1603 741 1687 garii
788 1601 1184 1668 Turonensis
1233 1605 1525 1685 spectat,
1596 1622 1665 1666 se
1727 1600 1970 1666 habere
1998 1599 2169 1685 *mihi
2223 1579 2508 1680 videtur,
2573 1620 2719 1665 cum
2762 1596 2843 1663 de

573 1715 898 1781 industria
941 1715 1046 1780 hic
1105 1713 1428 1781 Caraffam
1474 1713 1715 1781 codicis
1760 1712 1960 1780 verba
2016 1714 2307 1778 mutas'se
2363 1713 2517 1777 mihi
2543 1696 2546 1703 ³
2572 1733 2842 1798 persua-

577 1850 716 1898 sum
765 1830 868 1893 sit.
974 1826 1408 1912 Subsequitur
1444 1827 1642 1896 ‚enim
1708 1827 1777 1892 in
1839 1826 2061 1892 codice
2117 1824 2433 1891 Vaticano
2503 1825 2845 1909 epistolam

583 1946 657 2006 17
703 1940 854 2006 libri
897 1941 1080 2005 tertii
1122 1939 1275 2005 fidei
1337 1941 1450 2005 illa
1506 1939 1861 2023 professio,
1933 1959 2099 2023 quae
2145 1959 2316 2003 anno
2368 1943 2530 2004 1079
2577 1939 2645 2004 in
2691 1959 2846 2028 con-

576 2053 720 2119 cilio
745 2054 1039 2119 Romano
1084 2042 1482 2136 Berengario
1531 2056 1794 2117 extorta
1840 2055 1958 2116 est.
2051 2051 2210 2116 Cum
2256 2051 2583 2135 scriptura
2625 2051 2693 2117 in
2738 2071 2845 2116 co·

575 2164 717 2231 dice
763 2166 974 2230 variet
1018 2186 1229 2248 neque
1272 2186 1389 2230 suo
1433 2165 1581 2230 loco
1628 2165 1728 2231 vel
1774 2163 2001 2229 ordine
2044 2163 2324 2229 formula
2379 2163 2699 2230 collocata
2740 2163 2843 2243 sit,

576 2300 720 2345 eam
759 2284 914 2363 post
957 2279 1023 2344 in
1048 2299 1320 2362 vacuam
1365 2277 1515 2343 libri
1555 2278 1861 2362 paginam
1904 2278 2219 2351 insertam
2254 2298 2415 2357 esse,
2459 2297 2846 2361 persuasum

519 2452 522 2456 ,
573 2391 804 2457 habeo.
894 2389 1118 2475 Neque
1164 2394 1386 2455 tamen
1441 2390 1588 2455 ideo
1629 2391 1786 2455 mihi
1829 2391 2040 2454 minus
2086 2388 2283 2473 digna
2325 2388 2613 2471 videtur,
2677 2410 2844 2474 quae

577 2504 981 2571 observetur.
1071 2503 1147 2568 In
1212 2503 1375 2568 haec
1446 2504 1614 2568 enim
1675 2502 1877 2569 verba
1942 2500 2211 2568 desinit:
2303 2502 2524 2584 „Sicut
2589 2504 2656 2567 in
2720 2502 2845 2568 hoc

573 2617 757 2684 brevi
813 2617 1188 2682 continetur
1244 2620 1311 2682 et
1377 2638 1495 2702 ego
1563 2616 1693 2701 legi
1760 2619 1826 2684 et
1869 2637 1985 2681 vos
2050 2616 2439 2701 intelligitiS,
2489 2615 2581 2682 sic
2626 2615 2842 2683 credo.

574 2729 710 2795 Nec
757 2733 989 2795 contra
1031 2729 1200 2794 hanc
1244 2727 1438 2793 fidem
1480 2729 1754 2794 ulterius
1801 2728 2048 2806 docebo
2095 2768 2181 2777 —
2225 2731 2317 2795 sic
2360 2750 2462 2794 me
2510 2729 2687 2795 Deus
2728 2728 2844 2794 ad-

571 2843 750 2928 iuvet
795 2846 862 2907 et
902 2842 1065 2908 haec
1112 2829 1301 2907 sacra
1347 2842 1678 2926 evangelia
1720 2849 1806 2889 ‘—
1838 2846 2123 2927 excepto
2184 2842 2305 2928 (sic
2321 2843 2370 2932 1),
2412 2863 2610 2907 causa
2651 2841 2844 2908 redu·

572 2953 762 3021 cendi
807 2953 893 3019 ad
914 2955 1084 3019 viam
1106 2955 1402 3020 veritatis
1451 2975 1582 3034 eoS,
1627 2954 1739 3038 qui
1773 2976 1892 3038 per
1936 2976 2146 3020 meam
2194 2955 2558 3021 doctrinam
2601 2954 2683 3021 ab
2719 2956 2844 3021 hac
2933 2977 2936 2982 ·

572 3066 700 3132 fide
730 3072 1172 3147 recesserunt,
1219 3071 1335 3132 aut
1380 3067 1744 3152 exponendi
1785 3066 1998 3149 fidem,
2045 3089 2240 3152 quam
2280 3068 2599 3133 hactenus
2641 3070 2842 3151 tenui,

573 3180 705 3261 his,
777 3180 888 3264 qui
951 3200 1054 3244 me
1098 3180 1705 3263 interrogaverint.“
1799 3157 2007 3245 'Haec
2058 3179 2257 3246 verba
2309 3182 2440 3246 iam
2482 3203 2720 3266 magna
2763 3203 2842 3247 ex
2895 3259 2906 3268 ⁶

574 3297 763 3377 parte
807 3293 875 3358 in
920 3291 1141 3358 codice
1181 3297 1507 3376 expuncta
1552 3297 1723 3374 sunt,
1770 3313 1980 3376 neque
2004 3293 2221 3374 causa,
2268 3314 2384 3359 cur
2406 3293 2667 3359 sublata
2691 3295 2841 3376 sint,

575 3391 731 3470 mihi
772 3405 1025 3470 incerta
1067 3403 1344 3470 videtur.
1415 3405 1661 3471 Iterum
1709 3407 1877 3473 enim
1923 3404 2196 3470 eandem
2229 3406 2572 3472 formulam
2610 3406 2843 3474 iisdem

574 3517 788 3585 verbis
831 3518 901 3583 in
945 3518 1110 3583 actis
1158 3518 1410 3610 concilii
1453 3518 1729 3584 Romani
1770 3523 1925 3602 post
1967 3519 2310 3602 epistolam
2358 3524 2435 3584 17
2480 3518 2630 3585 libri
2674 3520 2844 3586 sexti

578 3630 784 3697 codex
826 3630 1185 3696 Vaticanus
1229 3630 1449 3697 refert.
1557 3630 1701 3696 Hoc
1766 3652 1917 3698 vero
1974 3632 2118 3698 loco
2167 3631 2448 3697 formula
2493 3631 2731 3698 desinit
2772 3633 2842 3699 in

575 3743 803 3810 verba:
867 3743 1067 3824 „haec
1112 3764 1301 3810 sacra
1342 3743 1746 3827 evangelia“;
1813 3765 1981 3828 quae
2026 3746 2265 3830 excipit
2326 3742 2645 3827 „Postea“
2709 3744 2841 3812 iam

575 3860 988 3941 expunctum,
1033 3860 1173 3922 tum
1216 3858 1408 3923 inane
1456 3857 1740 3941 spatium
1781 3858 1979 3922 trium
2022 3879 2341 3924 versuum.
2431 3858 2507 3923 In
2552 3859 2839 3943 margine

577 3965 799 4035 autem
854 3969 1073 4062 nescio
1141 3970 1285 4054 quis
1340 3975 1574 4053 postea
1628 3970 1791 4035 haec
1836 3969 2215 4055 adscripsit:
2304 3971 2509 4056 „Tum
2565 3971 2838 4037 domnus

575 4103 748 4167 papa
790 4082 1125 4166 praecepit
1176 4082 1570 4166 Berengario
1626 4104 1707 4148 ex
1762 4084 2158 4150 auctoritate
2203 4084 2324 4149 Dei
2376 4085 2838 4169 omnipotentis

528 4182 532 4186 ⁸
579 4199 646 4261 et
687 4199 1063 4260 sanctorum
1117 4195 1564 4278 apostolorum
1609 4195 1788 4261 Petri
1835 4200 1911 4264 et.
1941 4195 2153 4277 Pauli,
2209 4201 2286 4261 ut
2331 4196 2410 4263 de
2457 4219 2729 4283 corpore
2772 4202 2839 4265 et

578 4307 892 4391 sanguine
920 4297 1195 4373 ‘Domini
1236 4329 1568 4393 nunquam
1610 4306 1890 4374 ulterius
1930 4331 2074 4374 cum
2116 4309 2332 4394 aliquo
2369 4309 2715 4395 ‚disputare
2736 4313 2838 4380 vel

576 4419 858 4505 aliquem
923 4419 1160 4490 docere
1203 4424 1681 4510 praesumeret,
1744 4423 2018 4505 excepto
2087 4442 2287 4487 causa
2339 4422 2693 4490 reducendi
2751 4426 2837 4499 ad
