3371 5259
528 733 750 773 Editiouis

510 804 762 843 Mansiauae

560 872 706 910 loeus.

487 959 601 1011 130.
636 956 701 1007 Β.

489 1406 602 1457 130.
642 1406 704 1456 C.

491 1509 597 1561 130.
632 1508 694 1557 Ε.

484 1613 598 1663 131.
639 1610 700 1662 C.

483 1718 598 1767 132.
637 1717 702 1765 A.

486 2080 599 2131 13⁸2.
635 2079 698 2130 B.

500 2530 611 2578 134.
647 2528 707 2579 Β.

498 2634 609 2682 134.
650 2633 707 2684 C.

494 2736 607 2787 134.
646 2737 711 2785 D.

493 2841 606 2891 137.
645 2841 712 2890 D.

493 3030 608 3081 137.
647 3028 706 3078 E.

497 3131 611 3182 139.
652 3133 712 3183 C.

497 3324 612 3372 140.
653 3320 710 3370 C.

498 3512 614 3562 142.
653 3510 712 3560 Β.

499 3614 612 3665 143.
652 3616 717 3663 A.

502 3891 615 3944 143.
650 3891 711 3943 Ε.

506 3996 614 4044 146.
655 3994 722 4046 D.

504 4271 621 4325 146.
654 4273 716 4323 Ε.

505 4480 618 4530 148.
659 4481 725 4528 A.

1396 555 1824 619 ..17-

1232 781 1381 821 Lectio

1206 851 1415 900 vulgaris.

859 954 1002 1024 quod
1035 962 1262 1023 occupat
1306 953 1756 1022 comprehendan-

926 1050 1044 1110 tur,
1080 1040 1177 1095 sed
1210 1040 1279 1094 ad
1314 1055 1487 1095 suam.

860 1404 1182 1457 sententiam
1216 1403 1561 1471 accipienteS,
1597 1404 1702 1471 qui.

859 1505 1016 1572 fideli,
1040 1508 1385 1561 correctione.

861 1610 1019 1677 culpa
1052 1610 1324 1677 depereat.

861 1714 1139 1769 Geboardo
1173 1715 1448 1782 Pragensi.

858 2075 1228 2130 fraudulenter
1246 2076 1643 2147 concludantur,
1662 2076 1759 2130 sed

932 2164 1115 2216 orbem
1183 2170 1446 2217 terrarum
1514 2163 1584 2216 ad
1655 2163 1759 2217 dis·

932 2249 1166 2304 cordiam
1200 2249 1484 2303 multarum
1518 2249 1760 2318 gentium

932 2343 988 2390 et
1029 2342 1084 2390 te
1133 2334 1324 2390 fecisse
1377 2353 1517 2389 nunc
1566 2352 1759 2404 cogno-

930 2424 1127 2491 vimus,
1161 2438 1425 2477 asserens,

865 2527 910 2581 si
945 2543 1080 2595 quae
1117 2527 1233 2579 alia.

866 2628 1147 2685 solicitudo
1187 2628 1373 2684 deerit.
1493 2691 1503 2702 ι

866 2751 961 2788 vos
998 2734 1063 2788 de
1099 2734 1251 2787 nobis
1285 2748 1527 2788 rumores
1560 2732 1758 2788 afferri.

867 2838 970 2891 Dei
1005 2837 1392 2892 Halbistetensi
1427 2837 1698 2905 episcopo.

865 3028 1371 3096 repraesentabatur
1405 3027 1758 3080 auctoritatis.

867 3132 1235 3200 Egeneschen.

870 3321 1096 3375 salutem
1133 3327 1236 3374 etc.

873 3510 1151 3564 discrimen
1187 3507 1487 3565 inferretur.

874 3614 975 3668 Dei
1011 3614 1189 3667 abbati
1224 3614 1578 3670 Bellilocensi.

874 3888 1026 3942 nobis
1062 3904 1270 3957 quoque
1308 3891 1625 3957 praeceptis.

873 3993 978 4045 iam
1033 4009 1151 4044 eum
1204 3998 1547 4061 nostrumque
1604 3993 1771 4046 inimi-

946 4093 1065 4132 cum
1107 4086 1450 4147 nostrumque
1499 4095 1770 4148 oppugna·

942 4172 1115 4219 torem
1151 4164 1462 4218 invenimus.

876 4266 1116 4321 addenda
1151 4274 1333 4323 essent
1365 4267 1641 4324 adderent.

878 4371 1188 4439 quamplura
1222 4371 1382 4426 etiam
1416 4372 1534 4425 alia.

876 4476 1191 4531 benevolum
1228 4475 1687 4545 tractabilemque.

2216 777 2364 819 Lectio

2086 848 2253 887 codicis
2285 848 2501 890 Vaticani.

1842 951 1984 1019 quod
2039 959 2290 1021 occupat,
2338 952 2741 1022 concludantur,

1873 1066 1886 1080 κ
1911 1037 2009 1091 sed
2043 1055 2143 1106 per
2168 1039 2349 1092 orbem
2368 1045 2630 1093 terrarum
2670 1038 2740 1093 ad

1913 1123 2230 1178 discordiam
2275 1126 2558 1179 multarum
2612 1142 2738 1194 gen-

1910 1212 2041 1265 tium
2098 1220 2152 1267 ct
2205 1227 2370 1266 suam.
2423 1210 2532 1280 (Cf.
2590 1229 2743 1280 supra

1906 1316 1955 1364 p.
2000 1299 2048 1348 9.
2095 1299 2204 1365 10.)

1845 1402 2203 1455 *sententiam
2235 1401 2538 1473 accipiatis,
2575 1404 2680 1473 qui.

1845 1502 1989 1557 fideli
2025 1505 2377 1572 correptione.

1846 1609 2006 1677 culpa
2038 1608 2351 1676 depereunt.

1847 1712 1925 1768 Ge
1948 1750 2107 1766 .....
2134 1729 2164 1766 0
2235 1713 2509 1781 Bragensi.
2595 1714 2744 1780 (Post

1913 1816 2029 1850 raso
2082 1801 2185 1849 loco
2220 1801 2508 1866 inscriptum
2552 1800 2745 1870 board,

1912 1904 2196 1953 quamquam
2230 1888 2414 1953 procul
2456 1886 2601 1937 dubio
2636 1872 2738 1942 Ge-

1910 1973 2106 2025 romiro
2144 1979 2289 2023 antea
2308 1975 2544 2040 scriptum
2582 1976 2736 2040 erat.)

1847 2075 2214 2130 fraudulenter
2256 2085 2309 2130 te
2358 2076 2553 2132 fecisse
2601 2094 2740 2132 nunc

1914 2164 2293 2231 cognoscimus,
2325 2180 2588 2218 asserens,
2630 2163 2740 2231 (Cf.

1916 2266 2071 2316 8upra
2097 2266 2153 2316 p.
2194 2251 2241 2300 9.
2282 2252 2396 2317 10.)

1850 2526 1895 2579 si
1931 2527 2020 2592 qui
2058 2526 2249 2594 aliqua.

1849 2628 2191 2684 *sollicitudo
2228 2645 2334 2682 non
2369 2628 2556 2684 deerit.

1849 2737 1877 2769 *
1891 2750 1986 2788 vos
2022 2750 2263 2788 rumores
2286 2732 2358 2788 de
2377 2733 2528 2787 nobis
2548 2730 2740 2787 afferri.

1849 2838 1951 2891 Dei
1999 2813 2307 2891 Burchardo
2363 2835 2745 2891 Halbistetensi

1918 2939 2190 2991 episcopo.

1846 3027 2355 3094 repraesentabatur
2389 3027 2695 3081 auctoritas.

1848 3131 2183 3199 Egeneshem
2258 3132 2321 3196 (i.
2394 3146 2435 3182 e.
2508 3130 2745 3197 Egenes·

1915 3219 2102 3284 heim).

1854 3322 2080 3375 salutem
2118 3327 2172 3374 et
2206 3319 2552 3402 apostolicam
2584 3318 2745 3372 bene-

1923 3408 2225 3461 dictionem.

1854 3510 2136 3565 discrimen
2173 3509 2416 3564 infertur.

1854 3615 1956 3668 Dei
2027 3642 2090 3651 —
2164 3613 2342 3666 abbati
2395 3612 2751 3666 Bellilocensi.

1926 3700 2178 3768 (Spatium
2213 3700 2434 3750 relictum
2467 3708 2536 3749 est
2572 3699 2753 3747 nomini

1926 3787 2199 3849 addendo.)

1857 3892 2056 3943 nostris
2095 3907 2302 3956 quoque
2327 3889 2648 3958 praeceptis,
2684 3881 2751 3937 H.

1858 3993 1963 4045 iam
1983 3993 2094 4045 eius
2131 4001 2473 4061 nostrumque
2491 3992 2755 4045 inimicum

1928 4086 2273 4146 nostrumque
2335 4081 2756 4147 impugnatorem

1929 4181 2238 4219 invenimus.

1861 4268 2153 4322 *addenda
2188 4266 2462 4323 adderent.

1862 4373 1890 4405 '⁸‘
1908 4371 2220 4440 quamplura
2255 4371 2377 4425 alia.
2413 4409 2428 4418 .

1861 4474 2176 4530 benevolum
2211 4483 2265 4529 te
2302 4475 2754 4544 tractabilemque.

2349 4583 2380 4629 2
