3371 5259
1448 532 1838 592 ...7-

509 703 696 791 quius
738 699 1091 784 habebam,
1159 722 1353 788 quam
1397 706 1474 769 ut
1516 704 2157 787 praestantissimum
2196 703 2436 771 librum
2478 708 2617 772 tam
2660 725 2766 771 ac-

509 811 752 898 curate,
791 837 987 902 quam
1007 836 1126 899 per
1147 816 1460 911 temporis
1485 818 1821 902 angustias
1844 817 1985 884 fieri
2005 820 2250 901 posset,
2294 822 2765 902 perscrutarer.

508 927 796 1013 Contigit
835 929 1007 1010 mihi,
1052 932 1146 1009 ut,
1192 949 1615 1014 quaecunque
1661 951 1703 996 a
1744 930 1996 1015 vulgari
2034 932 2411 998 recensione
2460 931 2767 1000 recedere

508 1062 952 1127 cognoveram,
994 1042 1062 1108 in
1084 1042 1367 1126 Registri
1403 1041 1772 1124 editionem,
1815 1064 1980 1128 quae
2014 1044 2170 1109 mihi
2203 1048 2361 1111 tunc
2400 1042 2485 1110 ad
2506 1067 2768 1117 manum

508 1159 669 1235 erat,
714 1155 799 1220 ad
840 1155 1129 1221 litteram
1168 1154 1494 1223 referrem.
1585 1155 1725 1233 Quo
1769 1155 1945 1222 facto
1990 1178 2242 1222 mecum
2286 1136 2492 1223 statui
2533 1140 2768 1225 novam

490 1254 873 1348 editionem,
919 1267 1031 1334 ubi
1072 1269 1350 1352 primum
1394 1269 1798 1354 aliquantum
1844 1258 1976 1336 otii'
2018 1276 2255 1338 nactus
2300 1292 2528 1353 essem,
2575 1271 2767 1337 ador-

506 1401 694 1463 nare,
761 1378 877 1448 sed
941 1385 1046 1448 tot
1109 1382 1444 1467 tantisque
1512 1384 1685 1449 curis
1733 1388 1800 1448 et
1869 1383 2275 1450 scholasticis
2318 1388 2385 1449 et
2427 1384 2766 1450 litterariis

508 1498 825 1578 occupato
870 1494 1025 1563 mihi
1087 1494 1156 1560 id
1192 1496 1544 1574 ‚consilium
1598 1497 1667 1562 in
1709 1495 1973 1580 longum
2027 1496 2284 1580 tempus
2340 1494 2766 1563 differendum

504 1604 646 1691 fuit,
691 1628 900 1692 neque
944 1630 1117 1674 nunc
1162 1609 1316 1692 scic,
1360 1608 1620 1694 quando
1667 1609 1753 1676 ad
1798 1606 2100 1675 effectum
2142 1608 2577 1692 perducturus
2624 1611 2763 1677 sim.

493 1703 597 1791 -U't
638 1742 791 1788 vero
839 1741 919 1789 ex
963 1721 1218 1803 notitia,
1265 1743 1432 1809 quae
1472 1722 1628 1787 mihi
1665 1721 1960 1801 obvenit,
2028 1716 2138 1787 alii
2182 1743 2440 1806 quoque
2485 1722 2766 1807 aliquem

504 1834 789 1902 fructum
832 1836 1169 1919 percipere
1214 1831 1505 1918 possent,
1551 1840 1821 1919 petente
1866 1834 2159 1919 Philippo
2183 1832 2347 1901 Jaffe
2389 1835 2464 1900 V.
2513 1834 2603 1901 cl.
2650 1834 2765 1901 ab·

504 1947 655 2016 hinc
700 1951 951 2032 septem
994 1967 1201 2016 annos
1249 1948 1851 2027 commentariolum
1871 1948 2150 2031 scripsi,
2197 1969 2325 2031 quo
2369 1947 2664 2014 habitum
2697 1952 2768 2013 et

506 2059 946 2128 conditionem
991 2060 1232 2127 codicis
1279 2059 1579 2127 Vaticani
1631 2059 2017 2155 explicando
2078 2059 2424 2126 ostendere
2492 2065 2766 2126 conatus

505 2193 670 2257 sum,
715 2194 882 2257 quae
921 2172 1083 2239 fides
1126 2172 1428 2257 Registro
1472 2172 1778 2239 habenda
1823 2177 1998 2238 esset
2044 2160 2111 2238 et
2155 2152 2581 2256 qua—ratione
2605 2172 2767 2240 Gre·
2835 2235 2843 2245 .

505 2286 670 2372 gorii
714 2285 1028 2381 epistolae
1073 2284 1365 2369 digestae
1409 2285 1565 2374 mihi
1608 2285 2003 2352 viderentur.
2108 2285 2268 2352 Cum
2322 2307 2544 2352 omnes
2590 2285 2766 2353 codi-

507 2398 597 2465 cis
642 2402 871 2479 notas,
938 2419 1105 2482 quae
1165 2401 1355 2463 erant
1406 2399 1722 2483 temporis
1773 2399 2003 2464 melius
2061 2397 2436 2481 definiendi,
2501 2404 2769 2483 praeter

505 2531 649 2579 eam
697 2511 1329 2580 ,commentationem
1395 2532 1541 2577 cum
1596 2511 1891 2595 Philippo
1947 2504 2112 2578 Jaffe
2171 2513 2766 2592 communicassem,

506 2623 901 2702 satisfecisse
946 2624 1100 2690 mihi
1141 2622 1409 2690 videbar
1451 2625 1658 2692 amico
1717 2625 2125 2706 doctissimo,
2179 2627 2411 2709 utpote
2456 2625 2569 2710 qui
2609 2629 2767 2692 tunc
2826 2626 2874 2652 ¹*

506 2737 575 2803 id
618 2738 1022 2821 potissimum
1067 2740 1326 2821 ageret,
1371 2741 1448 2803 ut
1492 2737 1578 2804 ad
1617 2739 1862 2804 iustum
1905 2741 2272 2822 temporum
2306 2737 2599 2804 ordinem
2632 2740 2765 2824 epi-

510 2850 716 2917 stolas
762 2848 1198 2933 Gregorianas
1244 2849 1638 2935 disponeret.
1727 2850 1914 2920 Nunc
1957 2872 2111 2917 vero
2156 2851 2495 2917 occasione
2541 2851 2765 2919 oblata

506 2963 700 3029 aliam
744 2963 1192 3047 quaestionem
1244 2964 1588 3030 instituere
1629 2953 1786 3029 mihi
1837 2965 2168 3049 proposui.
2295 2963 2767 3047 Exponendum

506 3076 675 3168 enim
717 3075 1070 3155 mihi-erit,
1118 3076 1442 3160 quomodo
1489 3076 1712 3143 codice
1735 3077 2054 3144 Vaticano
2077 3062 2383 3142 adhibito
2396 3076 2768 3160 Registrum

497 3187 788 3272 plurimis
832 3188 1114 3269 mendis,
1166 3176 1411 3274 'quibus
1458 3211 1681 3255 omnes
1741 3188 2058 3256 editiones
2104 3187 2462 3269 abundant,
2512 3210 2749 3275 expur-

503 3301 644 3389 gari
688 3303 756 3367 et
788 3302 942 3414 ¹ipsa
984 3299 1279 3388 Gregorii
1321 3301 1523 3369 verba
1562 3303 1631 3368 in
1667 3303 1994 3394 integrum
2037 3302 2297 3368 rest-itui
2334 3302 2611 3386 possint.

672 3866 1059 3953 Priusquam
1115 3865 1199 3930 ad
1259 3865 1472 3948 ipsam
1526 3862 2044 3929 emendationem
2110 3861 2394 3946 Registri
2434 3859 2760 3942 accedam,

499 3980 725 4065 paucis
769 3978 982 4046 verbis
1030 3978 1469 4044 demonstrem
1511 3996 1780 4048 necesse
1826 3980 1944 4057 est,
1992 3996 2121 4060 qua
2173 3974 2430 4041 ratione
2475 3973 2759 4058 vulgaris

498 4091 693 4159 lectio
739 4096 888 4159 orta
932 4095 1000 4158 et
1041 4092 1108 4157 in
1154 4111 1298 4156 eam
1339 4088 1644 4169 formam,
1693 4109 1823 4173 qua
1875 4110 2048 4154 nunc
2093 4086 2560 4168 circumfertur,
2604 4107 2757 4170 pro·

501 4226 730 4291 gressu
772 4205 1083 4289 temporis
1123 4202 1396 4269 redacta
1439 4202 1543 4267 sit.

642 4316 894 4383 ,Editio
934 4319 1237 4401 princeps
1284 4315 1657 4381 continetur
1700 4318 1878 4381 tomo
1936 4313 2135 4380 tertio
2182 4265 2604 4396 epissslarum
2645 4270 2758 4377 de-

503 4430 842 4530 cretalium
888 4441 1286 4499 summorum
1328 4426 1728 4518 pontificum,
1774 4426 1886 4516 qui
1929 4446 2100 4494 anno
2148 4430 2306 4494 1591
2329 4495 2332 4498 ,
2356 4425 2464 4509 „in
2486 4422 2758 4495 aedibus
