3371 5259
1347 524 1776 592 ...31-

438 703 747 782 buerunt,
815 700 1009 771 modo
1056 706 1466 784 omittentes,
1535 702 1649 767 ubi
1713 699 2019 785 ponenda
2064 705 2236 780 erat,
2303 700 2497 768 modo
2565 722 2697 767 non

438 841 553 884 suo
599 820 743 883 loco
791 822 1213 901 apponentes.
1288 816 1659 882 Sententias
1706 815 1799 880 sic
1842 815 2125 892 vitiataS,
2171 835 2316 878 cum
2358 815 2533 879 haud
2577 814 2696 880 dif-

434 932 634 996 ficiles
681 933 813 995 sint
857 929 941 994 ad
984 928 1432 1012 corrigendum
1479 932 1546 1005 et
1588 929 1713 992 levi
1755 925 2085 992 extremae
2132 926 2416 1010 syllabae
2448 928 2548 991 vel
2590 928 2697 991 lit-

435 1050 617 1108 terae
662 1043 1024 1108 mutatione
1069 1044 1446 1126 plerumque
1493 1032 1711 1105 sanari
1756 1040 2030 1123 possint,
2077 1041 2419 1103 maximam
2442 1045 2697 1121 partem

433 1157 561 1220 iam
588 1153 846 1219 Caraffa
892 1132 1276 1220 emendavit.
1331 1154 1643 1218 Alterum
1690 1174 1892 1236 genus
1939 1158 2044 1217 est
2086 1151 2482 1231 mendorum,
2530 1173 2697 1235 quae

435 1290 475 1332 a
521 1266 936 1332 similitudine
1005 1267 1288 1351 quadam
1341 1264 1804 1330 vocabulorum
1863 1265 2159 1347 profecta
2205 1270 2389 1357 sunt,
2435 1269 2511 1328 ut
2555 1286 2697 1329 sae-

432 1384 577 1463 pius
622 1386 839 1441 noster
896 1388 962 1443 et
1004 1385 1226 1453 vester,
1271 1378 1445 1439 vobis
1490 1384 1558 1441 et
1599 1378 1809 1455 nobie,
1877 1378 2005 1441 alia
2051 1378 2282 1441 similia
2324 1383 2700 1459 permutata

431 1493 808 1556 invenimus
868 1491 1048 1555 Haec
1092 1491 1406 1572 imprimis
1429 1489 1826 1562 Harduinus,
1872 1489 2065 1554 homo
2113 1492 2454 1555 emunctae
2498 1490 2695 1569 naris,

430 1605 702 1669 feliciter
744 1603 1095 1685 indagavit,
1141 1610 1210 1666 et
1251 1602 1442 1684 plura
1488 1602 1744 1685 egregie
1776 1601 2100 1683 expedivit
2118 1602 2194 1685 ²).
2271 1601 2432 1695 Tum
2475 1603 2542 1666 in
2577 1624 2699 1666 nu-

431 1717 625 1780 meris
669 1717 768 1780 vel
808 1717 983 1780 notis
1031 1714 1502 1796 chronologicis
1546 1712 1895 1779 reddendis
1941 1735 2406 1797 nonnunquam
2450 1714 2701 1779 librarii

434 1832 755 1892 errarunt.
844 1828 1121 1891 Errores
1169 1827 1262 1891 sic
1308 1826 1595 1907 admissi,
1645 1826 1699 1890 si
1746 1847 1824 1890 ex
1864 1826 2008 1907 ipso
2056 1825 2282 1891 ordine
2327 1827 2697 1891 litterarum

432 1940 736 2024 cognosci
779 1942 1075 2021 possunt,
1138 1959 1341 2020 parvo
1384 1939 1646 2022 negotio
1696 1927 2139 2020 corriguntur3
2190 1939 2289 2002 sin
2334 1939 2544 2018 aliter,
2589 1960 2696 2004 res

432 2056 535 2116 est
580 2050 1010 2132 desperanda.
1101 2049 1418 2125 Quartum
1462 2050 1741 2133 denique
1798 2071 2001 2132 genus
2044 2072 2277 2133 parum
2322 2052 2533 2117 adhuc
2581 2052 2695 2117 ob-

433 2167 762 2227 servatum
808 2166 926 2240 est,
975 2182 1365 2244 quamquam
1407 2161 2000 2245 frequentissimum
2022 2164 2175 2228 mihi
2197 2163 2468 2228 videtur.
2547 2165 2693 2229 Plu-

431 2275 628 2338 rimas
675 2274 861 2353 enim,
908 2275 1033 2337 nisi
1078 2275 1493 2338 vehementer
1536 2273 1744 2354 fallor,
1790 2274 2059 2340 lacunas
2080 2276 2439 2351 ,Vaticanus
2474 2276 2692 2356 habet,

431 2386 531 2450 vel
577 2385 842 2467 singulis
888 2385 988 2450 vel
1030 2387 1323 2468 pluribus
1371 2386 1583 2451 verbis
1628 2387 1903 2451 omissiS.
2015 2386 2199 2464 Quod
2248 2409 2392 2451 cum
2456 2389 2556 2452 vel
2613 2409 2693 2452 ex

431 2518 508 2562 eo
555 2497 785 2561 coniici
827 2497 1038 2577 liceat,
1087 2499 1262 2580 quod
1306 2505 1409 2563 tot
1452 2498 1652 2563 verba
1718 2500 2166 2581 suprascripta
2232 2505 2417 2579 sunt,
2487 2500 2690 2565 multo

430 2616 648 2675 tamen
711 2607 1115 2674 manifestius
1181 2609 1258 2675 fit
1324 2633 1404 2676 ex
1469 2612 1613 2694 ipso
1681 2612 2156 2676 sententiarum
2212 2616 2279 2676 et
2343 2611 2690 2678 verborum

426 2748 618 2792 nexu.
710 2726 814 2791 Sic
857 2726 1294 2790 iuramentum
1319 2724 1688 2789 Bertramni
1732 2725 1984 2788 comitis
2033 2724 2142 2809 (M.
2192 2728 2317 2788 350
2362 2724 2462 2808 B.)
2509 2725 2690 2822 Vati-

427 2861 628 2903 canus
671 2840 740 2903 in
780 2839 952 2903 hunc
995 2836 1257 2902 modum
1302 2836 1536 2902 refert:
1609 2836 1789 2919 „Ego
1836 2837 1905 2899 B.
1954 2840 2074 2899 etc.
2118 2834 2200 2899 ab
2246 2835 2369 2900 hac
2413 2836 2576 2901 hora
2622 2842 2689 2902 et

427 2952 729 3034 deinceps
776 2951 898 3016 tibi
942 2950 1203 3016 domino
1251 2971 1392 3014 meo
1428 2969 1639 3032 papae
1663 2947 1978 3031 Gregorio
2022 2952 2088 3009 et
2133 2949 2385 3011 cunctis
2433 2969 2689 3014 succes-

426 3064 682 3128 soribus
726 3065 877 3143 tuis,
925 3064 1034 3146 qui
1078 3084 1198 3146 per
1218 3063 1519 3127 meliores
1555 3060 1921 3127 cardinales
1947 3079 1995 3122 s.
2021 3057 2353 3123 Romanae
2378 3062 2689 3127 ecclesiae

423 3176 699 3256 suerint,
766 3174 1201 3255 credideritis,
1271 3175 1338 3239 in
1384 3174 1737 3258 dampnum
1782 3175 2070 3236 vestrum
2113 3192 2217 3235 me
2264 3174 2508 3238 sciente
2553 3195 2686 3238 non
2782 3175 2786 3178 ’

424 3285 917 3353 manifestabo.“
1004 3286 1330 3352 Nonnulla
1375 3286 1710 3365 excidisse,
1758 3284 1901 3368 quis
1943 3305 2074 3386 noxn
2131 3283 2352 3348 videt?
2462 3284 2685 3368 Neque

425 3398 744 3472 Caraffam
788 3397 972 3479 fugit,
1018 3399 1129 3479 qui
1171 3398 1416 3463 lacuna*
1452 3398 1615 3463 bene
1659 3396 1918 3479 expleta
1961 3396 2393 3460 iuramentum
2439 3398 2532 3460 sic
2556 3395 2690 3462 edi-

423 3509 547 3574 dit:
596 3549 721 3590 „———
765 3531 816 3574 s.
862 3509 937 3573 R.
986 3509 1295 3574 ecclesiae
1335 3513 1517 3572 electi
1555 3510 1817 3585 fuerint,
1848 3511 2072 3591 fidelis
2118 3529 2244 3582 ero,
2292 3515 2349 3568 et
2395 3510 2692 3591 quicquid

423 3622 829 3687 credideritis
853 3627 1018 3686 etc.“
1084 3621 1263 3685 Alias
1298 3641 1555 3704 quoque
1593 3621 2201 3704 praetermissione&
2238 3625 2305 3684 et
2328 3618 2586 3685 Caraffa
2622 3626 2690 3686 et

422 3734 795 3800 Harduinus
827 3735 931 3799 hic
973 3734 1104 3797 illic
1148 3738 1560 3812 notaverunt,
1600 3733 1717 3807 sed
1738 3734 2049 3797 maiorem
2084 3738 2304 3797 tamen
2347 3754 2688 3798 numerum

423 3846 714 3911 locorum
757 3846 882 3912 hoc
923 3845 1118 3910 modo
1163 3844 1541 3909 vitiatorum
1607 3863 1721 3908 eos
1764 3865 1996 3926 parum
2042 3864 2309 3935 curasse
2357 3845 2589 3928 opinor
2608 3847 2685 3929 ⁸).

468 4016 615 4023 Ἢ

457 4117 515 4179 2)
552 4114 738 4169 Placet
773 4114 934 4168 etiam
953 4128 1018 4167 ea
1035 4110 1353 4182 emendatio,
1387 4125 1544 4179 quam
1566 4109 1854 4190 Hartvicus
1877 4110 2037 4166 Floto
2066 4110 2136 4166 ad
2156 4127 2240 4180 ep.
2269 4112 2332 4162 79
2368 4111 2489 4166 libri
2521 4112 2689 4180 primi

559 4209 660 4274 (M.
700 4210 800 4258 120
826 4208 910 4275 O.)
947 4207 1247 4278 proposuit,
1281 4213 1556 4278 „tempore
1590 4207 1952 4262 antecessoris
1988 4204 2189 4277 vestri,“
2222 4222 2330 4262 non
2365 4208 2524 4257 nostri
2560 4207 2686 4261 scri-

554 4300 785 4356 bendum
822 4318 942 4359 esse
977 4287 1191 4358 docens.
1263 4301 1389 4357 Vita
1421 4300 1661 4355 Heinrici
1696 4300 1793 4355 IV.
1867 4302 1930 4355 T.
1969 4302 2014 4355 Ι.
2047 4318 2101 4370 p.
2149 4303 2258 4352 155.

453 4398 515 4462 3)
562 4394 694 4449 Cum
728 4374 1003 4464 expuunt&
1025 4412 1234 4466 quoque
1279 4396 1446 4450 multa
1496 4397 1553 4450 in
1591 4394 1845 4450 Vaticano
1881 4412 2003 4453 esse.
2036 4411 2199 4463 supra
2238 4395 2538 4459 retulerim,
2592 4412 2676 4450 su-
