3371 5259
1516 544 1948 625 ...124-

595 732 1084 800 collectionibus
1128 733 1253 798 illis
1295 733 1469 798 inter
1511 733 1764 816 reliqua
1806 738 1958 799 acta
2003 732 2339 818 synodalia
2394 733 2641 799 reiecta
2681 734 2857 799 inve-

593 847 880 911 niuntur.

767 958 906 1036 Quo
950 957 1201 1023 facilius
1245 958 1452 1022 multa
1497 957 1799 1024 editionis
1843 958 2154 1042 principis
2190 958 2350 1023 vitia
2394 957 2700 1042 cognosci
2740 977 2858 1041 po-

506 1140 509 1149 ,
592 1075 833 1152 terant,
883 1091 958 1136 eo
1003 1072 1207 1154 magis
1254 1076 1398 1135 erat
1443 1070 1867 1155 sperandum,
1918 1069 2058 1136 fore
2101 1075 2177 1135 ut
2222 1070 2507 1135 editores
2550 1071 2702 1135 novi
2741 1091 2860 1135 no-

593 1184 687 1248 vis
731 1182 1075 1266 praesidiis
1121 1182 1429 1248 adhibitis
1477 1188 1823 1267 corruptos
1868 1184 2049 1249 locos
2097 1182 2444 1247 emendare
2490 1184 2858 1248 studerent.

597 1295 724 1361 Sed
794 1317 937 1360 eam
984 1317 1162 1379 spem
1206 1295 1507 1360 frustrati
1561 1301 1731 1361 sunt.
1822 1295 1988 1360 Nam
2045 1296 2423 1379 plerumque
2478 1295 2637 1359 nihil
2682 1293 2859 1359 aliud

596 1407 1014 1490 spectabant,
1083 1429 1277 1491 quam
1334 1412 1410 1472 ut
1463 1409 1563 1472 sui
1608 1409 1881 1492 quisque
1929 1407 2292 1473 decessoris
2336 1408 2611 1491 vestigia
2667 1427 2862 1491 quam

593 1520 958 1585 arctissime
1023 1525 1368 1603 premeret.
1492 1519 1717 1603 Neque
1785 1521 2126 1607 quisquam
2192 1541 2397 1585 novae
2464 1520 2861 1585 recensionis

586 1631 1023 1697 'fundamenta
1066 1633 1216 1716 egit,
1257 1653 1470 1716 neque
1513 1655 1778 1698 manum
1824 1632 2129 1712 admovit,
2176 1636 2253 1696 ut
2294 1636 2476 1697 certa
2498 1633 2604 1698 via
2643 1637 2712 1697 et
2754 1653 2861 1696 ra-

593 1746 773 1809 tione
836 1744 1037 1810 verba
1104 1745 1401 1828 Gregorii
1446 1746 1972 1811 restituerentur.
2091 1745 2195 1821 Ita
2249 1744 2407 1809 nihil
2452 1744 2628 1810 aliud
2697 1744 2863 1811 effici

594 1858 845 1941 potuit,
914 1857 1041 1921 nisi
1104 1861 1180 1921 ut
1247 1858 1457 1923 sexies
1523 1857 1818 1923 Caraffae
1870 1857 2068 1923 editio
2136 1861 2566 1939 repeteretur.
2682 1856 2862 1934 Quae

593 1971 748 2035 licet
786 1970 931 2051 ipsa
974 1968 1162 2034 valde
1203 1969 1518 2035 mendosa
1565 1971 1666 2050 sit,
1716 1975 1974 2034 tantum
2015 1974 2237 2035 tamen
2260 1968 2465 2048 abest,
2511 1973 2587 2034 ut
2620 1970 2863 2053 r'epeti·

593 2084 808 2148 tiones
854 2084 1023 2147 istae
1066 2082 1271 2165 pluris
1309 2082 1755 2147 aestimandae
1802 2083 1953 2160 sint,
1995 2086 2072 2147 ut
2114 2103 2303 2147 nemo
2344 2081 2576 2146 harum
2621 2102 2863 2166 gnarus

596 2193 873 2273 dubitet,
943 2195 1098 2277 quin
1143 2194 1333 2278 longe
1373 2195 1571 2259 etiam
1617 2196 1852 2260 ceteris
1896 2199 2220 2279 praestet,
2287 2216 2498 2278 neque
2539 2194 2861 2259 immerito

595 2307 888 2373 homines
937 2306 1113 2371 docti
1160 2307 1464 2388 doleant,
1536 2307 1711 2391 quod
1753 2308 1884 2372 iam
1926 2308 1995 2372 in
2039 2309 2207 2372 raris
2272 2306 2455 2372 libris
2522 2306 2861 2372 habeatur.

602 2419 768 2485 Nam
807 2420 912 2485 hic
957 2440 1212 2502 quoque
1256 2419 1501 2484 factum
1547 2424 1695 2501 est„
1743 2419 1917 2504 quod
1960 2419 2095 2485 fere
2139 2418 2243 2499 fit,
2286 2423 2363 2483 ut
2404 2420 2471 2484 in
2515 2419 2865 2485 novissima

606 2552 861 2615 quaque
904 2533 1294 2615 repetitione
1337 2532 1665 2619 veteribus
1714 2532 2044 2598 erroribus
2088 2532 2236 2598 novi
2274 2533 2404 2598 sive
2443 2532 2768 2597 editorum
2786 2530 2864 2596 li·

605 2646 820 2710 centia
865 2645 995 2709 sive
1035 2646 1430 2729 negligentia
1471 2647 2029 2731 typographorum
2068 2648 2535 2712 accrescerent.

779 2756 906 2822 Sed
950 2779 1032 2823 ne
1080 2779 1266 2858 suum
1312 2759 1611 2842 cuiquam
1645 2760 1962 2825 honorem
1987 2758 2331 2824 detrahere
2372 2757 2611 2837 videar,
2656 2777 2869 2840 pauca

604 2869 970 2935 adiicienda
1013 2874 1165 2935 sunt
1208 2869 1288 2935 de
1331 2871 1636 2953 periculis
1681 2870 2101 2955 quibusdam,
2170 2893 2337 2954 quae
2384 2875 2451 2937 et
2492 2868 2868 2935 Harduinus

605 2986 673 3048 et
715 2983 1005 3048 Mansius
1071 2984 1139 3047 in
1205 2982 1610 3048 emendando
1668 2984 1971 3067 Registro
2026 2983 2339 3049 fecerunt.
2427 2984 2543 3049 Ille
2590 2981 2867 3067 quidem,

604 3095 780 3161 nullo
829 3096 1050 3161 codice
1096 3094 1376 3175 adiutuS,
1423 3100 1644 3160 tamen
1691 3096 1770 3161 de
1818 3097 2193 3161 coniectura
2227 3096 2477 3180 aliquot
2516 3095 2679 3161 locis
2726 3115 2869 3160 cor-

603 3209 814 3291 ruptis
838 3207 1083 3272 mederi
1107 3207 1487 3273 conabatur.
1528 3207 1705 3285 Quae
1723 3230 1847 3290 reS,
1874 3209 2049 3293 quod
2070 3209 2389 3292 ingeniosi
2403 3209 2524 3273 viri
2548 3211 2693 3273 erat
2716 3228 2873 3273 acu-

603 3342 771 3400 men,
817 3341 1118 3403 magnam
1163 3325 1422 3403 partem
1460 3342 1540 3385 ex
1585 3322 1915 3385 sententia
1951 3322 2283 3386 successit.
2355 3321 2524 3394 Nam
2548 3319 2629 3385 de
2654 3340 2870 3386 emen·

606 3432 998 3511 dationibus,
1047 3454 1210 3515 quas
1255 3433 1531 3516 margini
1576 3430 1880 3498 editionis
1928 3454 2082 3498 suae
2129 3433 2495 3517 adscripsit,
2540 3455 2673 3500 non
2708 3454 2871 3517 pau-

607 3566 722 3611 cae
765 3566 883 3628 per
929 3566 998 3609 se
1041 3544 1415 3628 probabiles
1462 3549 1633 3625 sunt,
1678 3546 2024 3611 nonnullas
2064 3547 2258 3611 lectio
2298 3547 2538 3613 codicis
2575 3544 2874 3611 Vaticani

606 3661 832 3742 aperte
858 3655 1218 3722 confirmat.
1291 3658 1543 3722 Primus
1567 3679 1722 3723 vero
1748 3680 1789 3723 a
1814 3658 2071 3723 Caraffa
2114 3658 2199 3723 ad
2243 3658 2394 3724 libri
2427 3680 2623 3755 manu
2647 3658 2875 3740 scripti

604 3769 797 3835 fidem
820 3772 1092 3835 revertit
1114 3769 1422 3835 MansiUS.
1497 3769 1618 3847 Qui
1663 3769 1744 3834 de
1790 3768 2011 3836 codice
2037 3770 2321 3855 quodam
2342 3771 2695 3850 Mutinensi
2736 3790 2875 3835 cer-

604 3882 735 3947 tior
778 3881 990 3947 factus
1037 3904 1078 3946 a
1120 3882 1226 3946 Fr.
1260 3882 1543 3949 Antonio
1569 3883 1884 3948 Zacharia
1925 3877 2315 3967 impetravit,
2360 3888 2437 3948 ut
2481 3882 2605 3948 sibi
2647 3882 2875 3948 lectio-

605 4015 722 4061 nes
766 3994 916 4059 inde
959 3994 1282 4060 notabiles
1329 3995 1749 4061 describeret.
1837 3996 1901 4061 Is
1950 3995 2186 4077 codex,
2232 4017 2623 4079 quamquam
2663 4013 2876 4079 neque

606 4108 999 4191 antiquitate
1045 4107 1302 4173 excellit
1344 4145 1432 4155 -
1474 4110 1579 4173 vix
1625 4110 1795 4173 enim
1838 4110 1962 4173 hoc
2006 4109 2265 4173 nomine
2305 4106 2597 4172 Caraffae
2644 4106 2876 4171 editio-

604 4242 754 4287 nem
798 4223 1066 4302 superat
1107 4258 1194 4268 —-
1235 4240 1446 4303 neque
1490 4240 1633 4286 meo
1677 4220 1918 4286 iudicio
1953 4221 2172 4304 magni
2212 4219 2545 4285 faciendus
2614 4221 2733 4299 est,
2775 4221 2875 4283 ta-

606 4352 754 4398 men
789 4332 1148 4399 editionum
1185 4332 1632 4397 recensionem
1677 4353 1718 4397 a
1751 4331 2090 4398 codicibus
2129 4332 2323 4415 longe
2366 4329 2669 4396 recedere
2692 4330 2877 4395 Man-

609 4445 704 4514 sio
747 4446 1096 4534 persuasit.
1185 4443 1392 4527 Quam
1437 4443 1519 4512 ob
1564 4465 1705 4510 rem
1748 4444 2063 4510 lectiones
2108 4445 2245 4510 eius
2282 4443 2560 4528 carptim
2601 4442 2878 4532 margini
