3371 5259
621 738 852 779 Editionis

608 808 866 847 Mansianae

678 878 819 916 locus.

581 964 705 1015 359.
740 963 801 1015 Β.

585 1069 702 1119 359.
743 1069 800 1120 C.

583 1173 701 1226 360.
734 1173 802 1222 A.

583 1276 701 1327 361.
739 1275 799 1329 B.

566 1378 685 1433 363.
723 1383 788 1430 A.

572 1573 690 1624 363.
730 1572 794 1623 Β.

573 1678 690 1730 364.
727 1677 796 1725 D.

573 1780 690 1830 366.
727 1780 790 1828 Ε.

574 1883 673 1935 369
732 1884 792 1933 Β.

574 1989 694 2039 370.
736 1989 800 2036 A.

574 2178 692 2229 372.
730 2181 799 2229 D.

580 2284 696 2334 443.
737 2282 794 2332 C.

578 2386 696 2435 461.
733 2387 800 2435 D.

576 2489 694 2541 462.
732 2491 800 2540 D.

576 2681 695 2733 468.
736 2682 804 2733 D.

579 2785 697 2835 468.
733 2788 796 2836 E.

578 2889 698 2939 469.
735 2890 798 2940 Β.

586 2994 703 3043 504.
728 2994 811 3043 .D.

586 3097 703 3147 506.
741 3098 810 3151 A.

586 3287 705 3339 506.
740 3288 806 3340 Β.
878 3289 881 3298 “

587 3394 703 3443 507.
739 3395 812 3447 D.

587 3498 706 3549 508.
753 3498 821 3548 n.
878 3565 890 3576 Ἰ,

587 3601 704 3652 509.
742 3602 804 3653 Β.

586 3983 706 4039 509.
740 3984 804 4034 Ε.

586 4369 703 4421 510.
742 4372 808 4423 A.

587 4475 704 4525 510.
739 4476 808 4525 A.

914 4065 919 4072 ἡ
965 3991 1377 4058 comprobantur
1391 4029 1405 4058 ,

1496 556 1918 618 ..28-

1334 785 1485 825 Lectio

1307 856 1517 905 vulgaris.

960 962 1250 1018 christiana
1282 959 1555 1029 religione.

958 1073 1020 1121 ut
1057 1065 1123 1119 de
1158 1064 1382 1132 reliquo.

960 1188 1116 1240 quam
1150 1186 1182 1223 a
1217 1168 1432 1223 ceteris.

963 1275 1203 1344 diligenti
1240 1271 1571 1328 excussione.

961 1379 1064 1433 Dei
1142 1377 1397 1431 militibus
1473 1373 1860 1428 Tervannensi·

1026 1466 1126 1519 bus
1164 1464 1224 1517 Ο.

956 1570 1129 1639 ipsius
1165 1570 1291 1622 vita.

952 1676 1113 1730 nimis
1149 1673 1217 1727 ad
1253 1671 1476 1741 singula.

952 1780 1197 1835 fautores
1235 1776 1640 1831 contumaciam.

952 1884 1241 1951 DominuS‚
1277 1881 1340 1935 si.

951 1986 1456 2043 communicaverint
1497 1984 1582 2038 vel
1628 1986 1685 2036 in
1719 1983 1851 2037 mili-

1019 2075 1099 2130 tia
1134 2072 1397 2128 saeculari
1433 2071 1737 2125 servierint.

953 2180 1216 2236 ecclesiae
1253 2192 1375 2231 esse
1411 2174 1682 2229 iudicavit.
1765 2194 1768 2197 >

952 2281 1231 2353 praeteriti
1263 2280 1480 2333 mensis.

954 2389 1076 2443 ideo
1113 2388 1294 2455 legatu
1303 2402 1343 2439 S.

895 2549 902 2555 ,
955 2498 1344 2549 sacramentum
1382 2488 1608 2543 dominc.

955 2694 1010 2742 et
1045 2700 1229 2739 omnes
1265 2682 1453 2738 sancti.

958 2806 1058 2859 pro
1094 2790 1205 2844 vita
1239 2795 1350 2843 tua.
1410 2765 1419 2774 ’

959 2893 1262 2950 aedificavit
1300 2892 1601 2946 ecclesiam.

960 3015 1087 3068 pars
1119 2998 1320 3051 iniusta
1353 2994 1597 3048 desistat.

960 3102 1322 3173 prohibemus.
1384 3099 1536 3152 Item.
1599 3097 1673 3152 Et
1731 3111 1858 3164 quo-

1029 3205 1186 3243 mam.

963 3293 1283 3350 auctoritate
1319 3288 1699 3345 anathematis.

959 3397 1261 3453 habendum
1295 3394 1602 3463 impedient.

961 3504 1027 3558 de
1062 3502 1304 3556 manibus
1337 3500 1613 3555 laicorum.

962 3608 1199 3663 Decreta
1238 3604 1497 3674 quaedam
1532 3604 1588 3659 in
1621 3605 1725 3660 hac
1742 3617 1859 3672 syn-

1034 3693 1135 3748 odo
1171 3693 1361 3747 factaz·
1392 3693 1560 3747 multa
1597 3694 1737 3747 enim
1772 3693 1860 3748 de-

1033 3777 1354 3849 siderantur,
1391 3793 1614 3846 quorum
1650 3787 1860 3834 tantum

1032 3869 1178 3924 tituli
1211 3869 1493 3922 habentur.

1484 3986 1721 4042 infirmas
1803 3994 1858 4043 et

1030 4076 1226 4130 irritas-

964 4371 1162 4439 possit‚
1195 4371 1243 4425 si
1280 4369 1466 4439 culpis.

967 4481 1022 4530 et
1054 4480 1407 4543 recognoscat
1439 4489 1498 4529 se

2320 785 2470 827 Lectio

2190 854 2358 894 codicis
2388 856 2608 897 Vaticani.

1944 957 2305 1014 *christianae
2341 961 2629 1030 religionis.

1945 1068 2006 1116 ut
2043 1070 2097 1118 et
2130 1062 2196 1116 de
2220 1039 2462 1134 reliquo.

1946 1181 2102 1232 quam
2139 1174 2193 1221 et
2228 1171 2471 1224 caeteris.

1945 1268 2187 1337 diligenti
2224 1271 2571 1328 discussione.

1945 1372 2047 1427 Dei
2081 1373 2138 1427 O.

1943 1566 2111 1632 ipsius
2145 1568 2229 1621 vel
2265 1568 2395 1622 vita.

1941 1670 2114 1725 minus
2150 1671 2218 1725 ad
2259 1673 2481 1741 singula.

1941 1772 2181 1829 fautores
2218 1780 2598 1835 contumaciae.

1940 1877 2199 1934 Dominus
2235 1880 2407 1951 DeuS‚
2443 1884 2506 1937 si.

1940 1985 2413 2041 communicaverit
2463 1988 2548 2042 vel
2597 1990 2654 2041 in
2703 1990 2836 2043 mili-

2004 2070 2087 2124 cia
2124 2072 2382 2127 saeculari
2419 2075 2679 2130 servierit.
2749 2125 2761 2136 .

1938 2174 2200 2229 ecclesiae
2239 2193 2358 2232 esse
2394 2178 2736 2236 adiudicavit-

1937 2279 2198 2347 praedicti
2231 2284 2443 2337 mensis,

1936 2383 2113 2438 *idem
2148 2386 2374 2453 legatus.
2412 2387 2479 2438 H.

1937 2490 2365 2546 *sacramentum
2421 2492 2637 2549 iubente
2691 2495 2834 2550 dom-

2007 2592 2093 2629 no,
2137 2576 2202 2627 H.

1938 2681 2119 2735 *inter
2153 2698 2337 2737 omnes
2373 2692 2605 2740 sanctos.

1939 2801 2038 2853 pro
2075 2786 2189 2839 vice
2223 2795 2333 2841 tua.
2372 2787 2439 2839 H.

1940 2889 2238 2946 aedificavit
2275 2892 2550 2949 ecclesiam
2583 2868 2746 2950 suam.

1942 3011 2069 3063 pars
2102 2996 2301 3049 iniusta
2333 2997 2629 3066 resipiscat.

1943 3099 2301 3167 prohibemus.
2370 3100 2443 3156 Et
2478 3103 2741 3169 quoniam.

1943 3291 2300 3345 *auctoritate
2334 3291 2402 3345 ab
2438 3295 2805 3351 anathematis.

1944 3395 2246 3450 habendum
2279 3395 2637 3465 impedierint.

1871 3517 1875 3521 ·
1946 3499 2013 3555 de
2051 3517 2211 3554 manu
2245 3501 2517 3556 laicorum.

1943 3604 2221 3658 *Decreta
2272 3605 2327 3658 in
2398 3605 2583 3660 eadem
2641 3607 2841 3676 synodo

2014 3690 2173 3745 facta.

1943 3986 2386 4055 comprobantur,
2422 3986 2619 4041 irritas.
2676 3986 2843 4052 (infir-

2011 4088 2125 4126 mas
2152 4074 2301 4139 prius
2335 4073 2387 4121 in
2421 4074 2527 4124 cod.
2576 4072 2680 4126 Vae.
2720 4076 2840 4125 scri·

2005 4167 2142 4226 ptum
2180 4166 2315 4221 erat,
2350 4175 2442 4226 quo
2478 4160 2633 4211 deleto
2668 4176 2842 4229 supra-

2014 4249 2248 4314 scriptum
2283 4253 2355 4298 est
2373 4264 2390 4293 .-
2417 4246 2646 4312 irritas.)

1944 4369 2117 4438 possit
2131 4410 2145 4436 ,
2180 4367 2372 4434 culpis.

1946 4475 2345 4540 *recognoscat
2379 4486 2453 4527 se.
2475 4549 2483 4565 Ι
